<?xml version="1.0" encoding="UTF-8"?>
<!DOCTYPE html PUBLIC "-//W3C//DTD XHTML 1.0 Transitional//EN"
    "http://www.w3.org/TR/xhtml1/DTD/xhtml1-transitional.dtd">
<html xmlns="http://www.w3.org/1999/xhtml" xml:lang="en" lang="en">
 <head>
  <title>
</title>
<meta http-equiv="Content-Type" content="text/html;charset=utf-8" />
  <meta name='ocr-system' content='tesseract 3.04.00' />
  <meta name='ocr-capabilities' content='ocr_page ocr_carea ocr_par ocr_line ocrx_word'/>
</head>
<body>
  <div class='ocr_page' id='page_1' title='image "./quaestionesdema00doppgoog_0030.png"; bbox 0 0 2940 4844; ppageno 0'>
   <div class='ocr_carea' id='block_1_1' title="bbox 574 179 776 273">
    <p class='ocr_par' dir='ltr' id='par_1_1' title="bbox 574 179 776 273">
     <span class='ocr_line' id='line_1_1' title="bbox 574 179 776 273; baseline -0.01 0"><span class='ocrx_word' id='word_1_1' title='bbox 574 179 776 273; x_wconf 51' lang='lat' dir='ltr'>„El-„-</span> 
     </span>
    </p>
   </div>
   <div class='ocr_carea' id='block_1_2' title="bbox 54 379 1292 2212">
    <p class='ocr_par' dir='ltr' id='par_1_2' title="bbox 54 379 1292 2212">
     <span class='ocr_line' id='line_1_2' title="bbox 54 379 1290 463; baseline -0.001 -19"><span class='ocrx_word' id='word_1_2' title='bbox 54 386 171 445; x_wconf 85' lang='lat' dir='ltr'>aetate</span> <span class='ocrx_word' id='word_1_3' title='bbox 194 386 227 444; x_wconf 89' lang='lat' dir='ltr'>et</span> <span class='ocrx_word' id='word_1_4' title='bbox 249 379 386 444; x_wconf 88' lang='lat' dir='ltr'>historia</span> <span class='ocrx_word' id='word_1_5' title='bbox 409 379 639 462; x_wconf 89' lang='lat' dir='ltr'>mythographi</span> <span class='ocrx_word' id='word_1_6' title='bbox 660 388 693 444; x_wconf 93' lang='lat' dir='ltr'>et</span> <span class='ocrx_word' id='word_1_7' title='bbox 716 380 957 463; x_wconf 87' lang='lat' dir='ltr'>chronographi</span> <span class='ocrx_word' id='word_1_8' title='bbox 980 381 1027 443; x_wconf 89' lang='lat' dir='ltr'>ita</span> <span class='ocrx_word' id='word_1_9' title='bbox 1043 379 1290 459; x_wconf 78' lang='lat' dir='ltr'>dissentiebant,</span> 
     </span>
     <span class='ocr_line' id='line_1_3' title="bbox 54 481 1290 567; baseline 0 -21"><span class='ocrx_word' id='word_1_10' title='bbox 54 489 94 546; x_wconf 91' lang='lat' dir='ltr'>ut</span> <span class='ocrx_word' id='word_1_11' title='bbox 117 503 205 565; x_wconf 88' lang='lat' dir='ltr'>quae</span> <span class='ocrx_word' id='word_1_12' title='bbox 231 481 350 546; x_wconf 91' lang='lat' dir='ltr'>Parius</span> <span class='ocrx_word' id='word_1_13' title='bbox 372 481 473 546; x_wconf 80' lang='lat' dir='ltr'><strong>refert</strong></span> <span class='ocrx_word' id='word_1_14' title='bbox 496 483 562 546; x_wconf 89' lang='lat' dir='ltr'>alia</span> <span class='ocrx_word' id='word_1_15' title='bbox 584 483 647 546; x_wconf 86' lang='lat' dir='ltr'>alio</span> <span class='ocrx_word' id='word_1_16' title='bbox 670 484 740 567; x_wconf 89' lang='lat' dir='ltr'>loco</span> <span class='ocrx_word' id='word_1_17' title='bbox 764 484 905 565; x_wconf 89' lang='lat' dir='ltr'>repetita</span> <span class='ocrx_word' id='word_1_18' title='bbox 926 483 1080 562; x_wconf 88' lang='lat' dir='ltr'>invenias,</span> <span class='ocrx_word' id='word_1_19' title='bbox 1110 484 1290 547; x_wconf 80' lang='lat' dir='ltr'>Eusebium</span> 
     </span>
     <span class='ocr_line' id='line_1_4' title="bbox 54 585 1289 669; baseline 0 -21"><span class='ocrx_word' id='word_1_20' title='bbox 54 606 134 649; x_wconf 89' lang='lat' dir='ltr'>vero</span> <span class='ocrx_word' id='word_1_21' title='bbox 159 585 259 648; x_wconf 87' lang='lat' dir='ltr'>etiam</span> <span class='ocrx_word' id='word_1_22' title='bbox 273 585 307 648; x_wconf 88' lang='lat' dir='ltr'>in</span> <span class='ocrx_word' id='word_1_23' title='bbox 323 585 434 648; x_wconf 87' lang='lat' dir='ltr'>haere</span> <span class='ocrx_word' id='word_1_24' title='bbox 451 606 523 647; x_wconf 91' lang='lat' dir='ltr'>cum</span> <span class='ocrx_word' id='word_1_25' title='bbox 540 586 640 649; x_wconf 89' lang='lat' dir='ltr'>Pario</span> <span class='ocrx_word' id='word_1_26' title='bbox 657 587 815 669; x_wconf 79' lang='lat' dir='ltr'>scriptore</span> <span class='ocrx_word' id='word_1_27' title='bbox 832 587 1014 650; x_wconf 89' lang='lat' dir='ltr'>consentire</span> <span class='ocrx_word' id='word_1_28' title='bbox 1030 607 1103 648; x_wconf 90' lang='lat' dir='ltr'>cum</span> <span class='ocrx_word' id='word_1_29' title='bbox 1121 607 1150 666; x_wconf 92' lang='lat' dir='ltr'>p.</span> <span class='ocrx_word' id='word_1_30' title='bbox 1169 589 1209 649; x_wconf 82' lang='grc'>46</span> <span class='ocrx_word' id='word_1_31' title='bbox 1226 587 1289 650; x_wconf 85' lang='grc' dir='ltr'><em>Ηε.</em></span> 
     </span>
     <span class='ocr_line' id='line_1_5' title="bbox 54 682 1290 775; baseline -0.004 -23"><span class='ocrx_word' id='word_1_32' title='bbox 54 687 231 771; x_wconf 80' lang='lat' dir='ltr'>praebeat:</span> <span class='ocrx_word' id='word_1_33' title='bbox 246 682 381 774; x_wconf 73' lang='grc' dir='ltr'><em>Ὀρφεὺς</em></span> <span class='ocrx_word' id='word_1_34' title='bbox 399 684 591 772; x_wconf 79' lang='grc' dir='ltr'><em>ἐγνιορίζετο,</em></span> <span class='ocrx_word' id='word_1_35' title='bbox 615 686 730 752; x_wconf 65' lang='grc' dir='ltr'><em>τούτοιν</em></span> <span class='ocrx_word' id='word_1_36' title='bbox 741 687 890 775; x_wconf 63' lang='grc' dir='ltr'><em>μαθητὴς</em></span> <span class='ocrx_word' id='word_1_37' title='bbox 902 691 1072 765; x_wconf 80' lang='grc' dir='ltr'><em>Μοισαῖος</em></span> <span class='ocrx_word' id='word_1_38' title='bbox 1084 682 1101 751; x_wconf 91' lang='grc' dir='ltr'>ὁ</span> <span class='ocrx_word' id='word_1_39' title='bbox 1114 682 1290 769; x_wconf 57' lang='grc' dir='ltr'><em>Ειῖμόλντοιι</em></span> 
     </span>
     <span class='ocr_line' id='line_1_6' title="bbox 54 783 1290 874; baseline 0 -20"><span class='ocrx_word' id='word_1_40' title='bbox 54 783 136 869; x_wconf 68' lang='grc' dir='ltr'><em>οἷός.</em></span> <span class='ocrx_word' id='word_1_41' title='bbox 184 789 224 854; x_wconf 87' lang='lat' dir='ltr'>of.</span> <span class='ocrx_word' id='word_1_42' title='bbox 256 789 296 854; x_wconf 91' lang='lat' dir='ltr'>de</span> <span class='ocrx_word' id='word_1_43' title='bbox 326 790 387 854; x_wconf 88' lang='lat' dir='ltr'>hac</span> <span class='ocrx_word' id='word_1_44' title='bbox 415 813 449 854; x_wconf 90' lang='lat' dir='ltr'>re</span> <span class='ocrx_word' id='word_1_45' title='bbox 479 792 603 874; x_wconf 92' lang='lat' dir='ltr'>Ephor.</span> <span class='ocrx_word' id='word_1_46' title='bbox 637 792 675 856; x_wconf 85' lang='lat' dir='ltr'>fr.</span> <span class='ocrx_word' id='word_1_47' title='bbox 700 796 740 855; x_wconf 80' lang='lat'>65</span> <span class='ocrx_word' id='word_1_48' title='bbox 777 793 875 874; x_wconf 88' lang='lat' dir='ltr'>plane</span> <span class='ocrx_word' id='word_1_49' title='bbox 905 791 1107 874; x_wconf 78' lang='lat' dir='ltr'>discrepem,</span> <span class='ocrx_word' id='word_1_50' title='bbox 1140 791 1290 856; x_wconf 81' lang='lat' dir='ltr'>Tzetzem</span> 
     </span>
     <span class='ocr_line' id='line_1_7' title="bbox 55 892 1290 977; baseline 0.002 -20"><span class='ocrx_word' id='word_1_51' title='bbox 55 893 133 958; x_wconf 93' lang='lat' dir='ltr'>chil.</span> <span class='ocrx_word' id='word_1_52' title='bbox 166 893 260 973; x_wconf 86' lang='lat' dir='ltr'>XII,</span> <span class='ocrx_word' id='word_1_53' title='bbox 299 897 369 973; x_wconf 88' lang='grc'>179,</span> <span class='ocrx_word' id='word_1_54' title='bbox 412 893 603 958; x_wconf 90' lang='lat' dir='ltr'>Philochori</span> <span class='ocrx_word' id='word_1_55' title='bbox 638 895 855 977; x_wconf 83' lang='lat' dir='ltr'>fragmentum</span> <span class='ocrx_word' id='word_1_56' title='bbox 891 894 979 976; x_wconf 92' lang='lat' dir='ltr'>apud</span> <span class='ocrx_word' id='word_1_57' title='bbox 1012 892 1206 957; x_wconf 85' lang='lat' dir='ltr'>Muellerum</span> <span class='ocrx_word' id='word_1_58' title='bbox 1239 893 1290 959; x_wconf 90' lang='lat' dir='ltr'>IV</span> 
     </span>
     <span class='ocr_line' id='line_1_8' title="bbox 56 994 1290 1080; baseline 0.002 -20"><span class='ocrx_word' id='word_1_59' title='bbox 56 1020 87 1080; x_wconf 91' lang='lat' dir='ltr'>p.</span> <span class='ocrx_word' id='word_1_60' title='bbox 117 994 220 1074; x_wconf 82' lang='lat' dir='ltr'>648b,</span> <span class='ocrx_word' id='word_1_61' title='bbox 245 996 337 1062; x_wconf 86' lang='lat' dir='ltr'>Suid.</span> <span class='ocrx_word' id='word_1_62' title='bbox 361 1018 392 1079; x_wconf 91' lang='lat' dir='ltr'>p.</span> <span class='ocrx_word' id='word_1_63' title='bbox 418 1001 499 1060; x_wconf 88' lang='grc'>1147</span> <span class='ocrx_word' id='word_1_64' title='bbox 524 997 553 1060; x_wconf 93' lang='grc' dir='ltr'>Β</span> <span class='ocrx_word' id='word_1_65' title='bbox 577 999 626 1062; x_wconf 88' lang='lat' dir='ltr'>ed.</span> <span class='ocrx_word' id='word_1_66' title='bbox 650 997 782 1078; x_wconf 77' lang='lat' dir='ltr'>Bernh,</span> <span class='ocrx_word' id='word_1_67' title='bbox 806 998 904 1061; x_wconf 90' lang='lat' dir='ltr'>Pans.</span> <span class='ocrx_word' id='word_1_68' title='bbox 921 996 988 1075; x_wconf 86' lang='grc' dir='ltr'>ΙΙΙ,</span> <span class='ocrx_word' id='word_1_69' title='bbox 1016 1000 1065 1077; x_wconf 92' lang='grc'>14,</span> <span class='ocrx_word' id='word_1_70' title='bbox 1089 1000 1122 1076; x_wconf 85' lang='grc'>5;</span> <span class='ocrx_word' id='word_1_71' title='bbox 1147 997 1174 1077; x_wconf 92' lang='grc' dir='ltr'>Ι,</span> <span class='ocrx_word' id='word_1_72' title='bbox 1194 1002 1243 1079; x_wconf 91' lang='grc'>14,</span> <span class='ocrx_word' id='word_1_73' title='bbox 1261 1004 1290 1062; x_wconf 85' lang='grc'>3.</span> 
     </span>
     <span class='ocr_line' id='line_1_9' title="bbox 56 1094 1291 1185; baseline 0 -21"><span class='ocrx_word' id='word_1_74' title='bbox 56 1099 245 1164; x_wconf 89' lang='lat' dir='ltr'>Diodorum</span> <span class='ocrx_word' id='word_1_75' title='bbox 267 1100 334 1178; x_wconf 90' lang='lat' dir='ltr'>III,</span> <span class='ocrx_word' id='word_1_76' title='bbox 359 1104 399 1163; x_wconf 82' lang='lat'>65</span> <span class='ocrx_word' id='word_1_77' title='bbox 421 1099 461 1164; x_wconf 91' lang='lat' dir='ltr'>de</span> <span class='ocrx_word' id='word_1_78' title='bbox 486 1099 611 1184; x_wconf 88' lang='lat' dir='ltr'>Orphei</span> <span class='ocrx_word' id='word_1_79' title='bbox 634 1102 831 1165; x_wconf 87' lang='lat' dir='ltr'>auctoritate</span> <span class='ocrx_word' id='word_1_80' title='bbox 856 1097 1013 1185; x_wconf 75' lang='grc' dir='ltr'><em>Χάροπος</em></span> <span class='ocrx_word' id='word_1_81' title='bbox 1036 1094 1105 1165; x_wconf 52' lang='lat' dir='ltr'>‘nido</span> <span class='ocrx_word' id='word_1_82' title='bbox 1128 1098 1291 1183; x_wconf 88' lang='grc' dir='ltr'><em>γενόμενον</em></span> 
     </span>
     <span class='ocr_line' id='line_1_10' title="bbox 60 1197 1292 1290; baseline -0.002 -22"><span class='ocrx_word' id='word_1_83' title='bbox 60 1197 203 1287; x_wconf 74' lang='grc' dir='ltr'><em>Οἴαγρον</em></span> <span class='ocrx_word' id='word_1_84' title='bbox 235 1201 438 1285; x_wconf 74' lang='grc' dir='ltr'><em>παραλαβεῖν</em></span> <span class='ocrx_word' id='word_1_85' title='bbox 471 1200 528 1290; x_wconf 64' lang='lat' dir='ltr'>rip*</span> <span class='ocrx_word' id='word_1_86' title='bbox 560 1199 727 1286; x_wconf 73' lang='grc' dir='ltr'><em>βασιλείαν</em></span> <span class='ocrx_word' id='word_1_87' title='bbox 761 1201 816 1266; x_wconf 79' lang='grc' dir='ltr'>καὶ</span> <span class='ocrx_word' id='word_1_88' title='bbox 849 1200 908 1280; x_wconf 81' lang='grc' dir='ltr'>τὰς</span> <span class='ocrx_word' id='word_1_89' title='bbox 941 1199 974 1264; x_wconf 81' lang='grc' dir='ltr'>έν</span> <span class='ocrx_word' id='word_1_90' title='bbox 1007 1206 1075 1280; x_wconf 85' lang='grc' dir='ltr'><em>τοῖς</em></span> <span class='ocrx_word' id='word_1_91' title='bbox 1107 1199 1292 1289; x_wconf 64' lang='grc' dir='ltr'><em>μυστηρίοις</em></span> 
     </span>
     <span class='ocr_line' id='line_1_11' title="bbox 56 1298 1291 1392; baseline 0.001 -23"><span class='ocrx_word' id='word_1_92' title='bbox 56 1302 323 1392; x_wconf 75' lang='grc' dir='ltr'><em>παραδεδομένας</em></span> <span class='ocrx_word' id='word_1_93' title='bbox 356 1303 485 1384; x_wconf 84' lang='grc' dir='ltr'><em>τελετὰς</em></span> <span class='ocrx_word' id='word_1_94' title='bbox 519 1298 556 1384; x_wconf 77' lang='grc' dir='ltr'>ἃς</span> <span class='ocrx_word' id='word_1_95' title='bbox 589 1304 719 1391; x_wconf 67' lang='grc' dir='ltr'>Ιὕστερον</span> <span class='ocrx_word' id='word_1_96' title='bbox 740 1301 861 1392; x_wconf 70' lang='grc' dir='ltr'><em>Ὀρφέα</em></span> <span class='ocrx_word' id='word_1_97' title='bbox 893 1302 949 1371; x_wconf 85' lang='grc' dir='ltr'>τὸν</span> <span class='ocrx_word' id='word_1_98' title='bbox 976 1300 1115 1392; x_wconf 75' lang='grc' dir='ltr'><em>Οἰάγρου</em></span> <span class='ocrx_word' id='word_1_99' title='bbox 1141 1308 1291 1388; x_wconf 88' lang='grc' dir='ltr'><em>μαθόντα</em></span> 
     </span>
     <span class='ocr_line' id='line_1_12' title="bbox 55 1405 1291 1496; baseline 0.002 -24"><span class='ocrx_word' id='word_1_100' title='bbox 55 1411 114 1472; x_wconf 83' lang='grc' dir='ltr'>τοῦ</span> <span class='ocrx_word' id='word_1_101' title='bbox 146 1405 272 1494; x_wconf 76' lang='grc' dir='ltr'><em>πατρὸς</em></span> <span class='ocrx_word' id='word_1_102' title='bbox 301 1407 357 1473; x_wconf 85' lang='grc' dir='ltr'>καὶ</span> <span class='ocrx_word' id='word_1_103' title='bbox 387 1406 484 1494; x_wconf 69' lang='grc' dir='ltr'><em>(γύσει</em></span> <span class='ocrx_word' id='word_1_104' title='bbox 506 1407 562 1472; x_wconf 76' lang='grc' dir='ltr'>καὶ</span> <span class='ocrx_word' id='word_1_105' title='bbox 587 1405 723 1496; x_wconf 80' lang='grc' dir='ltr'><em>ιιάιδείρι</em></span> <span class='ocrx_word' id='word_1_106' title='bbox 747 1406 947 1493; x_wconf 82' lang='grc' dir='ltr'><em>διενεγκόντα</em></span> <span class='ocrx_word' id='word_1_107' title='bbox 971 1406 1079 1473; x_wconf 75' lang='grc' dir='ltr'><em>πολλὰ</em></span> <span class='ocrx_word' id='word_1_108' title='bbox 1100 1413 1291 1491; x_wconf 76' lang='grc' dir='ltr'><em>μεταθεῖναι</em></span> 
     </span>
     <span class='ocr_line' id='line_1_13' title="bbox 56 1506 1290 1598; baseline 0 -21"><span class='ocrx_word' id='word_1_109' title='bbox 56 1511 91 1578; x_wconf 79' lang='grc' dir='ltr'>ἐν</span> <span class='ocrx_word' id='word_1_110' title='bbox 125 1515 195 1592; x_wconf 84' lang='grc' dir='ltr'><em>τοῖς</em></span> <span class='ocrx_word' id='word_1_111' title='bbox 228 1506 357 1598; x_wconf 86' lang='grc' dir='ltr'><em>ὀργίοις.</em></span> <span class='ocrx_word' id='word_1_112' title='bbox 402 1509 541 1575; x_wconf 88' lang='lat' dir='ltr'>Auctori</span> <span class='ocrx_word' id='word_1_113' title='bbox 570 1513 741 1576; x_wconf 89' lang='lat' dir='ltr'>marmoris</span> <span class='ocrx_word' id='word_1_114' title='bbox 766 1511 918 1595; x_wconf 89' lang='lat' dir='ltr'>Orpheus</span> <span class='ocrx_word' id='word_1_115' title='bbox 941 1513 1091 1595; x_wconf 91' lang='lat' dir='ltr'>princeps</span> <span class='ocrx_word' id='word_1_116' title='bbox 1114 1517 1163 1576; x_wconf 90' lang='lat' dir='ltr'>est</span> <span class='ocrx_word' id='word_1_117' title='bbox 1185 1533 1290 1596; x_wconf 90' lang='lat' dir='ltr'>neque</span> 
     </span>
     <span class='ocr_line' id='line_1_14' title="bbox 56 1615 1291 1699; baseline 0.002 -19"><span class='ocrx_word' id='word_1_118' title='bbox 56 1637 212 1699; x_wconf 87' lang='lat' dir='ltr'>magnam</span> <span class='ocrx_word' id='word_1_119' title='bbox 234 1615 350 1678; x_wconf 89' lang='lat' dir='ltr'>seriem</span> <span class='ocrx_word' id='word_1_120' title='bbox 373 1615 531 1678; x_wconf 90' lang='lat' dir='ltr'>maiorum</span> <span class='ocrx_word' id='word_1_121' title='bbox 556 1622 760 1697; x_wconf 83' lang='lat' dir='ltr'>cognoverat,</span> <span class='ocrx_word' id='word_1_122' title='bbox 784 1637 881 1697; x_wconf 90' lang='lat' dir='ltr'>quarn</span> <span class='ocrx_word' id='word_1_123' title='bbox 904 1616 1101 1699; x_wconf 76' lang='lat' dir='ltr'>posteriores</span> <span class='ocrx_word' id='word_1_124' title='bbox 1118 1615 1161 1679; x_wconf 89' lang='lat' dir='ltr'>ad</span> <span class='ocrx_word' id='word_1_125' title='bbox 1176 1616 1291 1682; x_wconf 84' lang='lat' dir='ltr'>ultima</span> 
     </span>
     <span class='ocr_line' id='line_1_15' title="bbox 56 1717 1291 1801; baseline 0 -18"><span class='ocrx_word' id='word_1_126' title='bbox 56 1724 209 1801; x_wconf 81' lang='lat' dir='ltr'>tompore</span> <span class='ocrx_word' id='word_1_127' title='bbox 239 1717 473 1801; x_wconf 87' lang='lat' dir='ltr'>produxerunt.</span> <span class='ocrx_word' id='word_1_128' title='bbox 519 1717 670 1800; x_wconf 84' lang='lat' dir='ltr'>Apparet</span> <span class='ocrx_word' id='word_1_129' title='bbox 698 1717 826 1781; x_wconf 84' lang='lat' dir='ltr'>fabulas</span> <span class='ocrx_word' id='word_1_130' title='bbox 856 1739 876 1782; x_wconf 94' lang='lat' dir='ltr'>a</span> <span class='ocrx_word' id='word_1_131' title='bbox 902 1720 1006 1801; x_wconf 89' lang='lat' dir='ltr'>poetis</span> <span class='ocrx_word' id='word_1_132' title='bbox 1035 1724 1068 1782; x_wconf 89' lang='lat' dir='ltr'>et</span> <span class='ocrx_word' id='word_1_133' title='bbox 1090 1718 1291 1801; x_wconf 88' lang='lat' dir='ltr'>philosophis</span> 
     </span>
     <span class='ocr_line' id='line_1_16' title="bbox 56 1820 1290 1904; baseline 0.002 -20"><span class='ocrx_word' id='word_1_134' title='bbox 56 1821 115 1904; x_wconf 93' lang='lat' dir='ltr'>qui</span> <span class='ocrx_word' id='word_1_135' title='bbox 139 1842 216 1884; x_wconf 89' lang='lat' dir='ltr'>suas</span> <span class='ocrx_word' id='word_1_136' title='bbox 239 1820 420 1884; x_wconf 90' lang='lat' dir='ltr'>intulerunt</span> <span class='ocrx_word' id='word_1_137' title='bbox 443 1821 640 1885; x_wconf 83' lang='lat' dir='ltr'>carminibus</span> <span class='ocrx_word' id='word_1_138' title='bbox 661 1821 838 1886; x_wconf 88' lang='lat' dir='ltr'>sententias</span> <span class='ocrx_word' id='word_1_139' title='bbox 861 1821 1033 1903; x_wconf 88' lang='lat' dir='ltr'>paullatim</span> <span class='ocrx_word' id='word_1_140' title='bbox 1055 1827 1198 1886; x_wconf 87' lang='lat' dir='ltr'>mutatas</span> <span class='ocrx_word' id='word_1_141' title='bbox 1221 1842 1290 1887; x_wconf 88' lang='lat' dir='ltr'>esse</span> 
     </span>
     <span class='ocr_line' id='line_1_17' title="bbox 56 1923 1290 2006; baseline -0.001 -17"><span class='ocrx_word' id='word_1_142' title='bbox 56 1928 91 1989; x_wconf 88' lang='lat' dir='ltr'>et</span> <span class='ocrx_word' id='word_1_143' title='bbox 114 1923 174 1988; x_wconf 91' lang='lat' dir='ltr'>has</span> <span class='ocrx_word' id='word_1_144' title='bbox 196 1923 433 2006; x_wconf 86' lang='lat' dir='ltr'>discrepantias</span> <span class='ocrx_word' id='word_1_145' title='bbox 449 1923 655 2006; x_wconf 88' lang='lat' dir='ltr'>singulorum</span> <span class='ocrx_word' id='word_1_146' title='bbox 670 1930 840 1987; x_wconf 89' lang='lat' dir='ltr'>auctorum</span> <span class='ocrx_word' id='word_1_147' title='bbox 856 1924 889 1986; x_wconf 92' lang='lat' dir='ltr'>in</span> <span class='ocrx_word' id='word_1_148' title='bbox 905 1923 1169 2006; x_wconf 81' lang='lat' dir='ltr'>chronographos</span> <span class='ocrx_word' id='word_1_149' title='bbox 1185 1931 1290 1988; x_wconf 88' lang='lat' dir='ltr'>trans·</span> 
     </span>
     <span class='ocr_line' id='line_1_18' title="bbox 55 2025 1289 2110; baseline 0.001 -19"><span class='ocrx_word' id='word_1_150' title='bbox 55 2027 145 2091; x_wconf 83' lang='lat' dir='ltr'>latas</span> <span class='ocrx_word' id='word_1_151' title='bbox 167 2027 265 2091; x_wconf 87' lang='lat' dir='ltr'>etiam</span> <span class='ocrx_word' id='word_1_152' title='bbox 287 2026 404 2089; x_wconf 92' lang='lat' dir='ltr'>horum</span> <span class='ocrx_word' id='word_1_153' title='bbox 426 2027 548 2108; x_wconf 82' lang='lat' dir='ltr'>so‘ripta</span> <span class='ocrx_word' id='word_1_154' title='bbox 569 2026 728 2106; x_wconf 85' lang='lat' dir='ltr'>infecisse,</span> <span class='ocrx_word' id='word_1_155' title='bbox 753 2047 896 2090; x_wconf 87' lang='lat' dir='ltr'>marmor</span> <span class='ocrx_word' id='word_1_156' title='bbox 918 2025 1061 2090; x_wconf 93' lang='lat' dir='ltr'>nondum</span> <span class='ocrx_word' id='word_1_157' title='bbox 1085 2026 1135 2091; x_wconf 93' lang='lat' dir='ltr'>his</span> <span class='ocrx_word' id='word_1_158' title='bbox 1151 2027 1289 2110; x_wconf 90' lang='lat' dir='ltr'>argutiis</span> 
     </span>
     <span class='ocr_line' id='line_1_19' title="bbox 55 2127 1214 2212; baseline 0.002 -20"><span class='ocrx_word' id='word_1_159' title='bbox 55 2128 220 2193; x_wconf 90' lang='lat' dir='ltr'>imbutum</span> <span class='ocrx_word' id='word_1_160' title='bbox 242 2130 402 2194; x_wconf 89' lang='lat' dir='ltr'>sinceram</span> <span class='ocrx_word' id='word_1_161' title='bbox 427 2129 660 2211; x_wconf 91' lang='lat' dir='ltr'>mythologiam</span> <span class='ocrx_word' id='word_1_162' title='bbox 682 2130 883 2212; x_wconf 88' lang='lat' dir='ltr'>temporibus</span> <span class='ocrx_word' id='word_1_163' title='bbox 907 2127 1046 2194; x_wconf 86' lang='lat' dir='ltr'>defixam</span> <span class='ocrx_word' id='word_1_164' title='bbox 1068 2129 1214 2212; x_wconf 89' lang='lat' dir='ltr'>praebet.</span> 
     </span>
    </p>
   </div>
   <div class='ocr_carea' id='block_1_3' title="bbox 56 2249 1291 3258">
    <p class='ocr_par' dir='ltr' id='par_1_3' title="bbox 56 2249 1291 3258">
     <span class='ocr_line' id='line_1_20' title="bbox 145 2249 1289 2333; baseline 0.002 -21"><span class='ocrx_word' id='word_1_165' title='bbox 145 2249 207 2331; x_wconf 88' lang='lat' dir='ltr'>Ep.</span> <span class='ocrx_word' id='word_1_166' title='bbox 227 2254 275 2313; x_wconf 82' lang='lat'>15.</span> <span class='ocrx_word' id='word_1_167' title='bbox 312 2251 466 2333; x_wconf 86' lang='lat' dir='ltr'>Eumolpi</span> <span class='ocrx_word' id='word_1_168' title='bbox 489 2251 611 2314; x_wconf 90' lang='lat' dir='ltr'>bellum</span> <span class='ocrx_word' id='word_1_169' title='bbox 632 2256 745 2315; x_wconf 90' lang='lat' dir='ltr'>contra</span> <span class='ocrx_word' id='word_1_170' title='bbox 761 2249 978 2314; x_wconf 87' lang='lat' dir='ltr'>Athenienses</span> <span class='ocrx_word' id='word_1_171' title='bbox 1002 2270 1066 2331; x_wconf 90' lang='lat' dir='ltr'>qno</span> <span class='ocrx_word' id='word_1_172' title='bbox 1081 2249 1289 2315; x_wconf 86' lang='lat' dir='ltr'>Erechtheus</span> 
     </span>
     <span class='ocr_line' id='line_1_21' title="bbox 57 2351 1290 2440; baseline 0.001 -25"><span class='ocrx_word' id='word_1_173' title='bbox 57 2356 91 2415; x_wconf 89' lang='lat' dir='ltr'>et</span> <span class='ocrx_word' id='word_1_174' title='bbox 112 2351 319 2417; x_wconf 86' lang='lat' dir='ltr'>Immaradas</span> <span class='ocrx_word' id='word_1_175' title='bbox 352 2353 466 2440; x_wconf 90' lang='lat' dir='ltr'>(Paus.</span> <span class='ocrx_word' id='word_1_176' title='bbox 491 2354 522 2434; x_wconf 91' lang='grc' dir='ltr'>Ι,</span> <span class='ocrx_word' id='word_1_177' title='bbox 547 2358 601 2433; x_wconf 85' lang='grc'>38,</span> <span class='ocrx_word' id='word_1_178' title='bbox 626 2354 659 2437; x_wconf 82' lang='lat'>3)</span> <span class='ocrx_word' id='word_1_179' title='bbox 690 2353 875 2418; x_wconf 88' lang='lat' dir='ltr'>ceciderant</span> <span class='ocrx_word' id='word_1_180' title='bbox 903 2353 936 2416; x_wconf 95' lang='lat' dir='ltr'>in</span> <span class='ocrx_word' id='word_1_181' title='bbox 959 2351 1060 2416; x_wconf 91' lang='lat' dir='ltr'>Paria</span> <span class='ocrx_word' id='word_1_182' title='bbox 1088 2352 1203 2417; x_wconf 89' lang='lat' dir='ltr'>tabula</span> <span class='ocrx_word' id='word_1_183' title='bbox 1225 2374 1290 2418; x_wconf 92' lang='lat' dir='ltr'>non</span> 
     </span>
     <span class='ocr_line' id='line_1_22' title="bbox 56 2455 1291 2538; baseline 0.002 -20"><span class='ocrx_word' id='word_1_184' title='bbox 56 2461 272 2532; x_wconf 73' lang='lat' dir='ltr'>memoratur,</span> <span class='ocrx_word' id='word_1_185' title='bbox 308 2461 417 2520; x_wconf 84' lang='lat' dir='ltr'>temen</span> <span class='ocrx_word' id='word_1_186' title='bbox 452 2461 601 2538; x_wconf 90' lang='lat' dir='ltr'>tempora</span> <span class='ocrx_word' id='word_1_187' title='bbox 636 2457 715 2520; x_wconf 90' lang='lat' dir='ltr'>mire</span> <span class='ocrx_word' id='word_1_188' title='bbox 750 2456 945 2520; x_wconf 84' lang='lat' dir='ltr'>conueniunt</span> <span class='ocrx_word' id='word_1_189' title='bbox 976 2476 1049 2519; x_wconf 90' lang='lat' dir='ltr'>cum</span> <span class='ocrx_word' id='word_1_190' title='bbox 1082 2455 1226 2520; x_wconf 91' lang='lat' dir='ltr'>Eusebio</span> <span class='ocrx_word' id='word_1_191' title='bbox 1253 2467 1291 2520; x_wconf 88' lang='lat' dir='ltr'>ut</span> 
     </span>
     <span class='ocr_line' id='line_1_23' title="bbox 56 2557 1290 2642; baseline 0.001 -20"><span class='ocrx_word' id='word_1_192' title='bbox 56 2558 242 2642; x_wconf 89' lang='lat' dir='ltr'>putendum</span> <span class='ocrx_word' id='word_1_193' title='bbox 270 2558 312 2622; x_wconf 86' lang='lat' dir='ltr'>sit</span> <span class='ocrx_word' id='word_1_194' title='bbox 335 2558 471 2623; x_wconf 89' lang='lat' dir='ltr'>Parium</span> <span class='ocrx_word' id='word_1_195' title='bbox 500 2559 589 2640; x_wconf 89' lang='lat' dir='ltr'>loqui</span> <span class='ocrx_word' id='word_1_196' title='bbox 621 2558 660 2622; x_wconf 92' lang='lat' dir='ltr'>de</span> <span class='ocrx_word' id='word_1_197' title='bbox 682 2558 738 2622; x_wconf 92' lang='lat' dir='ltr'>illo</span> <span class='ocrx_word' id='word_1_198' title='bbox 758 2579 823 2623; x_wconf 92' lang='lat' dir='ltr'>uno</span> <span class='ocrx_word' id='word_1_199' title='bbox 847 2563 880 2622; x_wconf 88' lang='lat' dir='ltr'>et</span> <span class='ocrx_word' id='word_1_200' title='bbox 901 2558 1006 2641; x_wconf 93' lang='lat' dir='ltr'>primo</span> <span class='ocrx_word' id='word_1_201' title='bbox 1029 2557 1202 2641; x_wconf 82' lang='lat' dir='ltr'>Eumolpo,</span> <span class='ocrx_word' id='word_1_202' title='bbox 1225 2580 1290 2623; x_wconf 93' lang='lat' dir='ltr'>non</span> 
     </span>
     <span class='ocr_line' id='line_1_24' title="bbox 57 2659 1289 2744; baseline 0.001 -20"><span class='ocrx_word' id='word_1_203' title='bbox 57 2659 99 2724; x_wconf 90' lang='lat' dir='ltr'>de</span> <span class='ocrx_word' id='word_1_204' title='bbox 137 2661 269 2743; x_wconf 89' lang='lat' dir='ltr'>quinto,</span> <span class='ocrx_word' id='word_1_205' title='bbox 309 2683 405 2744; x_wconf 92' lang='lat' dir='ltr'>quem</span> <span class='ocrx_word' id='word_1_206' title='bbox 442 2668 572 2744; x_wconf 86' lang='lat' dir='ltr'>poetam</span> <span class='ocrx_word' id='word_1_207' title='bbox 606 2662 834 2744; x_wconf 86' lang='lat' dir='ltr'>mysteriorum</span> <span class='ocrx_word' id='word_1_208' title='bbox 868 2661 966 2726; x_wconf 85' lang='lat' dir='ltr'>fuisse</span> <span class='ocrx_word' id='word_1_209' title='bbox 1000 2660 1116 2725; x_wconf 89' lang='lat' dir='ltr'>statuit</span> <span class='ocrx_word' id='word_1_210' title='bbox 1149 2661 1289 2726; x_wconf 87' lang='lat' dir='ltr'>Andron</span> 
     </span>
     <span class='ocr_line' id='line_1_25' title="bbox 57 2762 1288 2849; baseline 0 -21"><span class='ocrx_word' id='word_1_211' title='bbox 57 2762 360 2830; x_wconf 89' lang='lat' dir='ltr'>Halicarnassensis</span> <span class='ocrx_word' id='word_1_212' title='bbox 383 2764 420 2828; x_wconf 85' lang='lat' dir='ltr'>fr.</span> <span class='ocrx_word' id='word_1_213' title='bbox 448 2769 483 2827; x_wconf 93' lang='grc'>11</span> <span class='ocrx_word' id='word_1_214' title='bbox 515 2764 641 2849; x_wconf 82' lang='lat' dir='ltr'>(Muell.</span> <span class='ocrx_word' id='word_1_215' title='bbox 664 2765 684 2827; x_wconf 93' lang='lat' dir='ltr'>l.</span> <span class='ocrx_word' id='word_1_216' title='bbox 709 2785 735 2827; x_wconf 89' lang='lat' dir='ltr'>c.</span> <span class='ocrx_word' id='word_1_217' title='bbox 759 2764 850 2847; x_wconf 87' lang='lat' dir='ltr'>Hp.</span> <span class='ocrx_word' id='word_1_218' title='bbox 875 2763 962 2849; x_wconf 86' lang='lat'>351).</span> <span class='ocrx_word' id='word_1_219' title='bbox 1010 2762 1062 2826; x_wconf 85' lang='lat' dir='ltr'>Ex</span> <span class='ocrx_word' id='word_1_220' title='bbox 1087 2765 1203 2827; x_wconf 91' lang='lat' dir='ltr'>ceteris</span> <span class='ocrx_word' id='word_1_221' title='bbox 1219 2765 1288 2828; x_wconf 90' lang='lat' dir='ltr'>An·</span> 
     </span>
     <span class='ocr_line' id='line_1_26' title="bbox 58 2865 1291 2950; baseline 0 -20"><span class='ocrx_word' id='word_1_222' title='bbox 58 2866 170 2932; x_wconf 89' lang='lat' dir='ltr'>dronis</span> <span class='ocrx_word' id='word_1_223' title='bbox 200 2867 390 2950; x_wconf 84' lang='lat' dir='ltr'>fragmentis</span> <span class='ocrx_word' id='word_1_224' title='bbox 428 2868 649 2950; x_wconf 89' lang='lat' dir='ltr'>cognoscimus</span> <span class='ocrx_word' id='word_1_225' title='bbox 684 2888 758 2930; x_wconf 90' lang='lat' dir='ltr'>eum</span> <span class='ocrx_word' id='word_1_226' title='bbox 789 2866 900 2931; x_wconf 88' lang='lat' dir='ltr'>multis</span> <span class='ocrx_word' id='word_1_227' title='bbox 933 2867 966 2929; x_wconf 92' lang='lat' dir='ltr'>in</span> <span class='ocrx_word' id='word_1_228' title='bbox 996 2865 1093 2930; x_wconf 88' lang='lat' dir='ltr'>rebus</span> <span class='ocrx_word' id='word_1_229' title='bbox 1125 2865 1291 2932; x_wconf 89' lang='lat' dir='ltr'>Hellanici</span> 
     </span>
     <span class='ocr_line' id='line_1_27' title="bbox 57 2966 1290 3052; baseline -0.002 -18"><span class='ocrx_word' id='word_1_230' title='bbox 57 2971 219 3035; x_wconf 89' lang='lat' dir='ltr'>rationem</span> <span class='ocrx_word' id='word_1_231' title='bbox 242 2971 394 3035; x_wconf 86' lang='lat' dir='ltr'>habuisse</span> <span class='ocrx_word' id='word_1_232' title='bbox 418 2977 487 3034; x_wconf 89' lang='lat' dir='ltr'>tum</span> <span class='ocrx_word' id='word_1_233' title='bbox 510 2969 747 3052; x_wconf 89' lang='lat' dir='ltr'>approbantem</span> <span class='ocrx_word' id='word_1_234' title='bbox 770 2975 840 3033; x_wconf 90' lang='lat' dir='ltr'>tum</span> <span class='ocrx_word' id='word_1_235' title='bbox 860 2970 1096 3034; x_wconf 88' lang='lat' dir='ltr'>adversantem.</span> <span class='ocrx_word' id='word_1_236' title='bbox 1135 2966 1290 3032; x_wconf 87' lang='lat' dir='ltr'>Fortasse</span> 
     </span>
     <span class='ocr_line' id='line_1_28' title="bbox 57 3069 1290 3156; baseline -0.002 -19"><span class='ocrx_word' id='word_1_237' title='bbox 57 3074 159 3156; x_wconf 89' lang='lat' dir='ltr'>igitur</span> <span class='ocrx_word' id='word_1_238' title='bbox 194 3095 258 3138; x_wconf 91' lang='lat' dir='ltr'>non</span> <span class='ocrx_word' id='word_1_239' title='bbox 287 3073 412 3137; x_wconf 89' lang='lat' dir='ltr'>errabit</span> <span class='ocrx_word' id='word_1_240' title='bbox 438 3073 464 3135; x_wconf 91' lang='lat' dir='ltr'>si</span> <span class='ocrx_word' id='word_1_241' title='bbox 495 3073 568 3154; x_wconf 90' lang='lat' dir='ltr'>quis</span> <span class='ocrx_word' id='word_1_242' title='bbox 599 3093 638 3135; x_wconf 85' lang='lat' dir='ltr'>ex</span> <span class='ocrx_word' id='word_1_243' title='bbox 667 3071 728 3136; x_wconf 91' lang='lat' dir='ltr'>hoc</span> <span class='ocrx_word' id='word_1_244' title='bbox 756 3072 939 3155; x_wconf 84' lang='lat' dir='ltr'>fragmento</span> <span class='ocrx_word' id='word_1_245' title='bbox 969 3069 1164 3137; x_wconf 86' lang='lat' dir='ltr'>concluserit</span> <span class='ocrx_word' id='word_1_246' title='bbox 1192 3071 1290 3135; x_wconf 88' lang='lat' dir='ltr'>etiam</span> 
     </span>
     <span class='ocr_line' id='line_1_29' title="bbox 58 3173 696 3258; baseline 0 -20"><span class='ocrx_word' id='word_1_247' title='bbox 58 3174 271 3239; x_wconf 89' lang='lat' dir='ltr'>Hellanicum</span> <span class='ocrx_word' id='word_1_248' title='bbox 294 3175 378 3238; x_wconf 92' lang='lat' dir='ltr'>hanc</span> <span class='ocrx_word' id='word_1_249' title='bbox 399 3195 467 3238; x_wconf 90' lang='lat' dir='ltr'>rem</span> <span class='ocrx_word' id='word_1_250' title='bbox 489 3173 696 3258; x_wconf 78' lang='lat' dir='ltr'>narrasse.²³)</span> 
     </span>
    </p>
   </div>
   <div class='ocr_carea' id='block_1_4' title="bbox 56 3282 1292 3690">
    <p class='ocr_par' dir='ltr' id='par_1_4' title="bbox 56 3282 1292 3690">
     <span class='ocr_line' id='line_1_30' title="bbox 100 3282 1288 3382; baseline -0.003 -23"><span class='ocrx_word' id='word_1_251' title='bbox 100 3294 165 3376; x_wconf 90' lang='lat' dir='ltr'>Ep.</span> <span class='ocrx_word' id='word_1_252' title='bbox 186 3293 281 3381; x_wconf 60' lang='lat'>11224)</span> <span class='ocrx_word' id='word_1_253' title='bbox 305 3289 379 3381; x_wconf 73' lang='lat' dir='ltr'>&#39;Ap’</span> <span class='ocrx_word' id='word_1_254' title='bbox 404 3282 441 3358; x_wconf 78' lang='grc' dir='ltr'>οὗ</span> <span class='ocrx_word' id='word_1_255' title='bbox 465 3291 526 3382; x_wconf 74' lang='lat' dir='ltr'>[dlv</span> <span class='ocrx_word' id='word_1_256' title='bbox 546 3289 676 3381; x_wconf 74' lang='lat' dir='ltr'>&#39;Elec·}</span> <span class='ocrx_word' id='word_1_257' title='bbox 744 3294 908 3359; x_wconf 88' lang='lat' dir='ltr'>Aristides</span> <span class='ocrx_word' id='word_1_258' title='bbox 944 3293 1040 3358; x_wconf 89' lang='lat' dir='ltr'>XIX</span> <span class='ocrx_word' id='word_1_259' title='bbox 1077 3316 1107 3377; x_wconf 91' lang='lat' dir='ltr'>p.</span> <span class='ocrx_word' id='word_1_260' title='bbox 1139 3296 1203 3357; x_wconf 89' lang='grc'>417</span> <span class='ocrx_word' id='word_1_261' title='bbox 1239 3293 1288 3357; x_wconf 87' lang='lat' dir='ltr'>ed.</span> 
     </span>
     <span class='ocr_line' id='line_1_31' title="bbox 56 3390 1290 3485; baseline -0.002 -25"><span class='ocrx_word' id='word_1_262' title='bbox 56 3399 122 3461; x_wconf 87' lang='grc' dir='ltr'><em>σῖνι</em></span> <span class='ocrx_word' id='word_1_263' title='bbox 167 3390 184 3460; x_wconf 86' lang='grc' dir='ltr'>ὁ</span> <span class='ocrx_word' id='word_1_264' title='bbox 230 3395 380 3481; x_wconf 80' lang='grc' dir='ltr'><em>γυμνικὸς</em></span> <span class='ocrx_word' id='word_1_265' title='bbox 415 3391 516 3485; x_wconf 81' lang='grc' dir='ltr'><em>[ἀγὼν</em></span> <span class='ocrx_word' id='word_1_266' title='bbox 550 3394 648 3485; x_wconf 76' lang='grc' dir='ltr'><em>ἐτέθη</em></span> <span class='ocrx_word' id='word_1_267' title='bbox 700 3397 800 3462; x_wconf 90' lang='lat' dir='ltr'>Dind.</span> <span class='ocrx_word' id='word_1_268' title='bbox 825 3392 976 3481; x_wconf 82' lang='grc' dir='ltr'><em>γυμνικὸν</em></span> <span class='ocrx_word' id='word_1_269' title='bbox 991 3393 1140 3480; x_wconf 85' lang='grc' dir='ltr'><em>γενέσθαι</em></span> <span class='ocrx_word' id='word_1_270' title='bbox 1159 3399 1290 3481; x_wconf 79' lang='grc' dir='ltr'><em>πρῶτον</em></span> 
     </span>
     <span class='ocr_line' id='line_1_32' title="bbox 56 3493 1289 3588; baseline 0 -25"><span class='ocrx_word' id='word_1_271' title='bbox 56 3496 143 3588; x_wconf 80' lang='grc' dir='ltr'><em>κ]α[ὶ</em></span> <span class='ocrx_word' id='word_1_272' title='bbox 156 3549 336 3564; x_wconf 87' lang='grc'><strong>.........</strong></span> <span class='ocrx_word' id='word_1_273' title='bbox 360 3497 432 3587; x_wconf 70' lang='lat' dir='ltr'>alai</span> <span class='ocrx_word' id='word_1_274' title='bbox 455 3497 498 3564; x_wconf 86' lang='grc' dir='ltr'>τὰ</span> <span class='ocrx_word' id='word_1_275' title='bbox 512 3498 648 3565; x_wconf 77' lang='grc' dir='ltr'><em>Λύκαια</em></span> <span class='ocrx_word' id='word_1_276' title='bbox 697 3496 854 3566; x_wconf 80' lang='grc' dir='ltr'><em>Ἐλεισῖνι</em></span> <span class='ocrx_word' id='word_1_277' title='bbox 897 3501 953 3586; x_wconf 76' lang='grc' dir='ltr'>τῆς</span> <span class='ocrx_word' id='word_1_278' title='bbox 982 3493 1129 3586; x_wconf 73' lang='grc' dir='ltr'><em>Ἀττικῆς</em></span> <span class='ocrx_word' id='word_1_279' title='bbox 1162 3496 1219 3562; x_wconf 80' lang='grc' dir='ltr'>καὶ</span> <span class='ocrx_word' id='word_1_280' title='bbox 1251 3494 1289 3563; x_wconf 83' lang='grc' dir='ltr'>τὸ</span> 
     </span>
     <span class='ocr_line' id='line_1_33' title="bbox 56 3592 1292 3690; baseline -0.002 -23"><span class='ocrx_word' id='word_1_281' title='bbox 56 3599 89 3667; x_wconf 79' lang='grc' dir='ltr'>ἓν</span> <span class='ocrx_word' id='word_1_282' title='bbox 106 3596 264 3689; x_wconf 72' lang='grc' dir='ltr'><em>Ἀριαδὶρι</em></span> <span class='ocrx_word' id='word_1_283' title='bbox 299 3600 421 3686; x_wconf 74' lang='grc' dir='ltr'><em>ἐγένετο</em></span> <span class='ocrx_word' id='word_1_284' title='bbox 444 3600 499 3667; x_wconf 79' lang='grc' dir='ltr'>καὶ</span> <span class='ocrx_word' id='word_1_285' title='bbox 525 3599 571 3690; x_wconf 79' lang='grc' dir='ltr'>[αὶ</span> <span class='ocrx_word' id='word_1_286' title='bbox 596 3600 647 3689; x_wconf 75' lang='grc' dir='ltr'><em>ε’]ιι</em></span> <span class='ocrx_word' id='word_1_287' title='bbox 701 3592 804 3670; x_wconf 80' lang='grc' dir='ltr'><em>ἆθλον</em></span> <span class='ocrx_word' id='word_1_288' title='bbox 847 3593 930 3666; x_wconf 78' lang='grc' dir='ltr'><em>εἶναι</em></span> <span class='ocrx_word' id='word_1_289' title='bbox 973 3604 1031 3664; x_wconf 84' lang='grc' dir='ltr'>τοῦ</span> <span class='ocrx_word' id='word_1_290' title='bbox 1071 3603 1201 3686; x_wconf 71' lang='grc' dir='ltr'><em>καρποῦ</em></span> <span class='ocrx_word' id='word_1_291' title='bbox 1233 3603 1292 3665; x_wconf 80' lang='grc' dir='ltr'>τοῦ</span> 
     </span>
    </p>
   </div>
   <div class='ocr_carea' id='block_1_5' title="bbox 54 3778 260 3787">
    <p class='ocr_par' dir='ltr' id='par_1_5' title="bbox 54 3778 260 3787">
     <span class='ocr_line' id='line_1_34' title="bbox 54 3778 260 3787; baseline -0.01 0"><span class='ocrx_word' id='word_1_292' title='bbox 54 3778 260 3787; x_wconf 69' lang='lat'><strong>--———-—-</strong></span> 
     </span>
    </p>
   </div>
   <div class='ocr_carea' id='block_1_6' title="bbox 50 3890 1290 4477">
    <p class='ocr_par' dir='ltr' id='par_1_6' title="bbox 52 3890 1290 4134">
     <span class='ocr_line' id='line_1_35' title="bbox 143 3890 1289 3960; baseline -0.002 -16"><span class='ocrx_word' id='word_1_293' title='bbox 143 3890 180 3960; x_wconf 77' lang='lat'>²⁸)</span> <span class='ocrx_word' id='word_1_294' title='bbox 199 3892 233 3945; x_wconf 90' lang='lat' dir='ltr'>de</span> <span class='ocrx_word' id='word_1_295' title='bbox 257 3892 333 3946; x_wconf 88' lang='lat' dir='ltr'>bello</span> <span class='ocrx_word' id='word_1_296' title='bbox 353 3897 381 3946; x_wconf 87' lang='lat' dir='ltr'>et</span> <span class='ocrx_word' id='word_1_297' title='bbox 399 3892 540 3960; x_wconf 82' lang='lat' dir='ltr'>Eumolpo</span> <span class='ocrx_word' id='word_1_298' title='bbox 560 3892 594 3946; x_wconf 88' lang='lat' dir='ltr'>cf.</span> <span class='ocrx_word' id='word_1_299' title='bbox 614 3891 709 3945; x_wconf 84' lang='lat' dir='ltr'>Strab.</span> <span class='ocrx_word' id='word_1_300' title='bbox 729 3908 751 3945; x_wconf 90' lang='lat' dir='ltr'>o.</span> <span class='ocrx_word' id='word_1_301' title='bbox 771 3893 823 3946; x_wconf 82' lang='lat'>383</span> <span class='ocrx_word' id='word_1_302' title='bbox 841 3891 924 3944; x_wconf 86' lang='lat' dir='ltr'>Pans.</span> <span class='ocrx_word' id='word_1_303' title='bbox 944 3891 972 3955; x_wconf 92' lang='lat' dir='ltr'>I,</span> <span class='ocrx_word' id='word_1_304' title='bbox 991 3892 1038 3956; x_wconf 87' lang='grc'>38,</span> <span class='ocrx_word' id='word_1_305' title='bbox 1058 3893 1083 3946; x_wconf 89' lang='lat'>3.</span> <span class='ocrx_word' id='word_1_306' title='bbox 1120 3891 1289 3944; x_wconf 89' lang='lat' dir='ltr'>Acestodor.</span> 
     </span>
     <span class='ocr_line' id='line_1_36' title="bbox 53 3976 1290 4046; baseline -0.002 -16"><span class='ocrx_word' id='word_1_307' title='bbox 53 3977 197 4046; x_wconf 71' lang='lat' dir='ltr'>(Mueller.</span> <span class='ocrx_word' id='word_1_308' title='bbox 227 3979 244 4030; x_wconf 91' lang='lat' dir='ltr'>l.</span> <span class='ocrx_word' id='word_1_309' title='bbox 273 3994 295 4030; x_wconf 91' lang='lat' dir='ltr'>o.</span> <span class='ocrx_word' id='word_1_310' title='bbox 319 3976 351 4031; x_wconf 92' lang='lat' dir='ltr'>II</span> <span class='ocrx_word' id='word_1_311' title='bbox 378 3996 405 4046; x_wconf 92' lang='lat' dir='ltr'>p.</span> <span class='ocrx_word' id='word_1_312' title='bbox 429 3979 533 4046; x_wconf 68' lang='lat'>464²);</span> <span class='ocrx_word' id='word_1_313' title='bbox 564 3979 599 4030; x_wconf 88' lang='lat' dir='ltr'>de</span> <span class='ocrx_word' id='word_1_314' title='bbox 629 3978 770 4045; x_wconf 89' lang='lat' dir='ltr'>mysteriis</span> <span class='ocrx_word' id='word_1_315' title='bbox 801 3977 836 4030; x_wconf 84' lang='lat' dir='ltr'>ab</span> <span class='ocrx_word' id='word_1_316' title='bbox 864 3977 1004 4045; x_wconf 87' lang='lat' dir='ltr'>Eumolpo</span> <span class='ocrx_word' id='word_1_317' title='bbox 1035 3977 1159 4030; x_wconf 87' lang='lat' dir='ltr'>inventis</span> <span class='ocrx_word' id='word_1_318' title='bbox 1191 3977 1290 4029; x_wconf 89' lang='lat' dir='ltr'>confer</span> 
     </span>
     <span class='ocr_line' id='line_1_37' title="bbox 52 4061 727 4134; baseline -0.004 -15"><span class='ocrx_word' id='word_1_319' title='bbox 52 4064 290 4134; x_wconf 86' lang='lat' dir='ltr'>Etymologioum</span> <span class='ocrx_word' id='word_1_320' title='bbox 308 4063 446 4134; x_wconf 84' lang='lat' dir='ltr'>Magnum</span> <span class='ocrx_word' id='word_1_321' title='bbox 464 4082 484 4117; x_wconf 88' lang='lat' dir='ltr'>s.</span> <span class='ocrx_word' id='word_1_322' title='bbox 504 4081 529 4117; x_wconf 87' lang='lat' dir='ltr'>v.</span> <span class='ocrx_word' id='word_1_323' title='bbox 550 4061 727 4133; x_wconf 65' lang='grc' dir='ltr'><em>Εὐμολπίδαι.</em></span> 
     </span>
    </p>

    <p class='ocr_par' dir='ltr' id='par_1_7' title="bbox 50 4147 1289 4477">
     <span class='ocr_line' id='line_1_38' title="bbox 143 4147 1288 4218; baseline -0.003 -14"><span class='ocrx_word' id='word_1_324' title='bbox 143 4150 234 4218; x_wconf 60' lang='grc' dir='ltr'>94)(1ε</span> <span class='ocrx_word' id='word_1_325' title='bbox 262 4168 305 4218; x_wconf 91' lang='lat' dir='ltr'>ep.</span> <span class='ocrx_word' id='word_1_326' title='bbox 336 4153 368 4204; x_wconf 89' lang='lat'>16</span> <span class='ocrx_word' id='word_1_327' title='bbox 396 4151 466 4204; x_wconf 91' lang='lat' dir='ltr'>nihil</span> <span class='ocrx_word' id='word_1_328' title='bbox 493 4150 564 4203; x_wconf 89' lang='lat' dir='ltr'>certi</span> <span class='ocrx_word' id='word_1_329' title='bbox 592 4149 662 4202; x_wconf 88' lang='lat' dir='ltr'>mihi</span> <span class='ocrx_word' id='word_1_330' title='bbox 690 4150 779 4202; x_wconf 85' lang='lat' dir='ltr'>statui</span> <span class='ocrx_word' id='word_1_331' title='bbox 807 4166 889 4217; x_wconf 89' lang='lat' dir='ltr'>posse</span> <span class='ocrx_word' id='word_1_332' title='bbox 917 4149 1031 4202; x_wconf 88' lang='lat' dir='ltr'>videtur</span> <span class='ocrx_word' id='word_1_333' title='bbox 1059 4164 1122 4199; x_wconf 91' lang='lat' dir='ltr'>oum</span> <span class='ocrx_word' id='word_1_334' title='bbox 1151 4147 1288 4200; x_wconf 89' lang='lat' dir='ltr'>Boeckhii</span> 
     </span>
     <span class='ocr_line' id='line_1_39' title="bbox 51 4232 1289 4304; baseline -0.006 -11"><span class='ocrx_word' id='word_1_335' title='bbox 51 4237 221 4293; x_wconf 83' lang='lat' dir='ltr'>coniectura</span> <span class='ocrx_word' id='word_1_336' title='bbox 244 4236 359 4289; x_wconf 89' lang='lat' dir='ltr'>omnino</span> <span class='ocrx_word' id='word_1_337' title='bbox 384 4236 527 4304; x_wconf 88' lang='lat' dir='ltr'>discrepet</span> <span class='ocrx_word' id='word_1_338' title='bbox 551 4253 568 4288; x_wconf 85' lang='lat' dir='ltr'>a</span> <span class='ocrx_word' id='word_1_339' title='bbox 593 4235 685 4288; x_wconf 88' lang='lat' dir='ltr'>literis</span> <span class='ocrx_word' id='word_1_340' title='bbox 711 4236 859 4303; x_wconf 86' lang='lat' dir='ltr'>spatioque</span> <span class='ocrx_word' id='word_1_341' title='bbox 882 4237 1060 4296; x_wconf 84' lang='lat' dir='ltr'>lacunarum,</span> <span class='ocrx_word' id='word_1_342' title='bbox 1086 4232 1216 4286; x_wconf 82' lang='lat' dir='ltr'>Muelleri</span> <span class='ocrx_word' id='word_1_343' title='bbox 1240 4235 1289 4300; x_wconf 90' lang='lat' dir='ltr'>qui</span> 
     </span>
     <span class='ocr_line' id='line_1_40' title="bbox 52 4318 1288 4391; baseline -0.006 -12"><span class='ocrx_word' id='word_1_344' title='bbox 52 4324 88 4378; x_wconf 85' lang='lat' dir='ltr'>de</span> <span class='ocrx_word' id='word_1_345' title='bbox 117 4322 221 4379; x_wconf 76' lang='lat' dir='ltr'>Ixione</span> <span class='ocrx_word' id='word_1_346' title='bbox 250 4322 356 4391; x_wconf 85' lang='lat' dir='ltr'>cogitat</span> <span class='ocrx_word' id='word_1_347' title='bbox 383 4339 441 4375; x_wconf 91' lang='lat' dir='ltr'>non</span> <span class='ocrx_word' id='word_1_348' title='bbox 469 4340 534 4376; x_wconf 89' lang='lat' dir='ltr'>curn</span> <span class='ocrx_word' id='word_1_349' title='bbox 561 4321 659 4390; x_wconf 90' lang='lat' dir='ltr'>mytho</span> <span class='ocrx_word' id='word_1_350' title='bbox 688 4318 851 4386; x_wconf 81' lang='lat' dir='ltr'>conveniet,</span> <span class='ocrx_word' id='word_1_351' title='bbox 878 4320 922 4374; x_wconf 89' lang='lat' dir='ltr'>Ne</span> <span class='ocrx_word' id='word_1_352' title='bbox 952 4319 1058 4391; x_wconf 79' lang='grc' dir='ltr'><em>[φον]οο</em></span> <span class='ocrx_word' id='word_1_353' title='bbox 1087 4318 1200 4387; x_wconf 89' lang='lat' dir='ltr'>quidem</span> <span class='ocrx_word' id='word_1_354' title='bbox 1225 4335 1288 4372; x_wconf 88' lang='lat' dir='ltr'>oum</span> 
     </span>
     <span class='ocr_line' id='line_1_41' title="bbox 50 4407 517 4477; baseline -0.006 -13"><span class='ocrx_word' id='word_1_355' title='bbox 50 4407 171 4464; x_wconf 85' lang='lat' dir='ltr'>Seldeni</span> <span class='ocrx_word' id='word_1_356' title='bbox 189 4408 356 4477; x_wconf 82' lang='lat' dir='ltr'>apographo</span> <span class='ocrx_word' id='word_1_357' title='bbox 375 4408 517 4461; x_wconf 87' lang='lat' dir='ltr'>convenit.</span> 
     </span>
    </p>
   </div>
   <div class='ocr_carea' id='block_1_7' title="bbox 0 0 1474 4844">
    <p class='ocr_par' dir='ltr' id='par_1_8' title="bbox 0 0 1474 4844">
     <span class='ocr_line' id='line_1_42' title="bbox 0 0 1474 4844; baseline 0 0"><span class='ocrx_word' id='word_1_358' title='bbox 0 0 1474 4844; x_wconf 95' lang='lat' dir='ltr'> </span> 
     </span>
    </p>
   </div>
  </div>
 </body>
</html>
