2902 4846
162 386 287 449 tertius.
332 386 524 466 Praeterea,
555 409 638 470 quae
666 394 715 451 est
737 388 801 450 ista
824 389 1024 452 enneaeteris
1049 389 1089 452 de
1113 410 1177 471 qua
1201 391 1389 456 Boeckhius

161 494 327 552 auctorem
350 489 511 570 cogitasse
534 487 707 571 opinatur?
745 489 816 552 Illis
839 490 1039 571 temporibus
1071 513 1143 555 earn
1171 493 1237 556 iam
1263 494 1389 576 pridem

162 590 330 654 evanuisse
351 595 437 654 certe
452 591 617 672 cognitum
633 597 704 655 erat
720 593 854 671 auctori,
878 612 949 655 cum
967 592 1032 655 iam
1048 593 1169 658 ultimis
1185 595 1389 677 temporibus

160 693 368 756 intervallum
388 694 473 756 inter
495 693 637 775 singulas
653 694 832 776 Pythiades
854 694 1068 775 quadriennio
1091 696 1294 761 deminutum
1319 719 1388 762 esse

161 795 329 859 uideamus
352 817 391 860 ex
407 796 505 859 schol.
522 816 647 877 argum.
665 797 707 860 ad
722 797 844 880 Pythia
859 797 930 860 HI:
954 795 1091 884 μετέστη
1114 796 1149 862 δὲ
1172 794 1216 877 εἰς
1241 822 1390 886 πεντετη-

162 894 235 983 ρίδα
258 894 313 961 διὰ
335 895 372 962 τὸ
395 894 454 974 τὰς
465 894 673 982 Παρνασίδας
695 896 823 984 νύμφας
841 894 1024 964 Ἆπολλιῦνι
1044 899 1205 966 κτεινάντι
1220 900 1258 967 τὸ
1276 899 1392 988 θηριόν

161 997 219 1078 τὰς
242 997 275 1063 ἐν
297 1003 370 1076 ταῖς
391 998 495 1085 χερσίν
518 994 651 1086 ὀπώρας
674 1006 891 1086 προςενεγιεῖν
913 1003 1011 1088 διῦρα.

249 1103 315 1168 Sed
337 1103 504 1167 videamus
525 1125 655 1168 necesse
676 1111 725 1169 est
746 1105 932 1168 testimonia
954 1110 1100 1169 veterum
1124 1105 1163 1170 de
1185 1107 1392 1172 institutione

163 1207 238 1283 sive,
262 1205 349 1287 quod
372 1207 489 1286 verius,
514 1205 553 1270 de
577 1208 814 1271 instauratione
830 1208 1034 1290 Pythiorum.

250 1307 508 1391 Antiquissimus
539 1310 680 1374 omnium
710 1309 802 1373 testis
834 1317 882 1374 est
908 1311 1028 1375 Parius
1057 1310 1147 1375 cuius
1176 1312 1321 1394 epochae
1352 1317 1391 1376 37

163 1418 195 1475 et
218 1416 258 1474 38
281 1412 441 1494 praebent
462 1412 559 1476 haec:

248 1515 311 1596 Ep.
335 1518 385 1577 37.
432 1507 518 1601 [Ἀφ’
553 1501 589 1576 οὗ
619 1508 881 1601 >inacceptum
914 1510 1062 1602 ἐνίκησαν
1094 1510 1232 1600 έλρόντες
1262 1513 1394 1602 Κίρραν

161 1615 217 1681 καὶ
251 1613 268 1682 ὁ
303 1612 389 1701 ἀγών
422 1612 439 1680 ὁ
474 1612 623 1700 γυμνικὸς
646 1612 743 1702 ἐτέθη
765 1613 957 1703 χρηματίτης
981 1611 1050 1682 ἀπὸ
1074 1621 1139 1681 τών
1161 1605 1314 1703 λαφίριον
1338 1613 1394 1704 ἔτη

161 1720 414 1807 ΗΗΗΔΛΙἻΙΙ
437 1713 585 1805 δίρχοντος
603 1713 758 1805 Ἀθήνησι
780 1715 963 1807 §dummoc

247 1824 309 1906 Ep.
328 1829 378 1887 38.
412 1817 485 1908 Ἀφ’
506 1809 541 1885 οὗ
567 1819 613 1908 [ἐν
625 1822 767 1903 Δελφοῖς
779 1817 825 1908 (ὁ)
839 1817 1052 1908 στεφρανίτης,
1067 1815 1152 1904 ἀγὼν
1169 1816 1273 1885 πάλιν
1294 1819 1395 1908 ἐτέθη

162 1921 217 2014 ἔτη
240 1925 484 2012 ΗΗΗΔΓΙΙΙΙ
505 1926 581 2009 (εεο.
599 1924 757 2007 Βοοοίιίι.)
782 1918 930 2008 δίρχοντος
951 1919 1102 2011 Ἀθήνησι
1127 1920 1301 2006 Δαμασίου
1335 1928 1395 1988 τοῦ

162 2025 317 2114 δευτέρου.
875 2112 876 2116 ¹

248 2131 347 2195 Pauo.
371 2131 417 2209 X,
444 2135 471 2209 7,
496 2135 524 2193 3.
574 2133 636 2216 Τῆς
670 2125 705 2192 δέ
728 2131 985 2215 τεσσαρακοστῆς
1006 2126 1062 2192 καί
1085 2122 1208 2216 ὀγδόης,
1232 2122 1269 2215 ἢν
1294 2137 1322 2193 Γ
1320 2129 1395 2194 λαυ-

161 2229 236 2310 κίας
257 2229 274 2298 ὁ
298 2229 524 2319 Κροτωνιάτης
557 2229 689 2318 ἐνίκησε,
725 2229 841 2317 ταύτης
875 2226 938 2294 tta
962 2226 1059 2316 τρίτην
1093 2221 1181 2295 ἆθλα
1215 2226 1336 2296 ἔθεσαν
1365 2227 1395 2297 oi

158 2330 390 2422 Ἀμφικτύονες
407 2331 608 2421 κιθαρῳδίας
625 2332 683 2414 μέν
701 2331 793 2397 καθίι
810 2332 865 2398 καί
883 2331 918 2413 έξ
931 2329 1035 2421 ἀρχῆς,
1060 2331 1266 2421 προσέθεσαν
1289 2331 1325 2397 δέ·
1338 2333 1396 2399 ναὶ

163 2433 325 2525 αὖλφδίας
347 2432 514 2522 ἀγώνισμα
536 2439 595 2500 κτλ
598 2485 712 2500 ......
727 2433 857 2528 δευτέρη
881 2434 916 2500 δέ
938 2434 1090 2501 Πυθιάδι
1114 2431 1171 2499 οὐκ
1194 2433 1253 2500 ε’πί
1276 2431 1396 2516 δίθλοις

163 2538 318 2606 ἐκάλεσαν
351 2536 399 2606 ἔτι
434 2535 657 2624 ἀγωνίζεσθαι,
693 2535 886 2625 στεφανίτην
913 2536 948 2603 δέ
971 2535 1028 2604 τὸν
1051 2533 1159 2622 ἀγῶνα
1182 2532 1253 2604 ἀπὸ
1277 2537 1396 2604 τούτου

163 2643 410 2731 κατεστήσαντο.
451 2644 558 2726 (exiis
575 2663 659 2725 quae
677 2649 858 2723 sequuntur
874 2643 962 2724 apud
978 2642 1179 2706 Pausaniam
1198 2641 1397 2724 intelligitur

163 2769 236 2811 eum
257 2749 395 2830 primam
418 2745 606 2829 pythiadem
627 2745 659 2806 in
683 2745 724 2807 ol.
747 2748 798 2822 48,
824 2749 841 2807 3
868 2745 1039 2829 posuisse.)

249 2849 357 2914 Schol.
387 2849 521 2914 Pindar.
550 2849 584 2911 in
613 2868 737 2930 argum.
765 2846 807 2911 ad
833 2847 930 2930 Pyth.
965 2847 1130 2931 (Boeckh‚
1162 2847 1259 2911 Pind.
1289 2848 1344 2928 ΙΙ,
1379 2855 1394 2912 l

162 2975 194 3035 p.
218 2958 280 3016 297
304 2955 382 3037 sq.):

245 3049 422 3141 Εὐρύλοχος
449 3049 466 3119 ὁ
494 3050 657 3131 Θεσσαλὸς
685 3051 956 3139 καταπολεμήσας
990 3048 1163 3138 Κιρραίους
1197 3047 1398 3139 ἀνεκτήσατο

162 3155 218 3225 τὸν
252 3154 360 3243 ἀγῶνα
393 3156 450 3223 τὸν
482 3160 572 3238 θεοῦ,
602 3153 631 3220 ol
660 3156 695 3222 δὲ
727 3161 876 3243 Κιρραῖοι
911 3156 1063 3242 ληστρικῇ
1096 3152 1205 3242 ἐφόδῳ
1238 3153 1397 3241 χρώμενοι

163 3258 314 3349 ἐφόνευον
346 3260 422 3337 τοὺς
452 3258 719 3345 παραβάλλοντας
742 3255 787 3336 εἰς
809 3257 851 3323 τὰ
873 3262 931 3322 τοῦ
953 3262 1034 3323 θεοῦ
1057 3252 1147 3344 δίλση.
1195 3255 1398 3342 περιεγένετο

163 3363 198 3428 δέ
221 3359 328 3428 αι”τών
350 3359 409 3427 ἐπὶ
433 3359 580 3449 ἄρχοντος
596 3357 753 3449 Ἀθήνησι
775 3360 833 3443 μέν
844 3357 1033 3442 Σιμωνίδου,
1048 3361 1190 3447 Δελφοῖς
1214 3358 1250 3424 δὲ
1263 3369 1293 3424 Γ
1290 3357 1397 3426 υλίδα.

167 3462 207 3534 Oi
240 3464 299 3548 μέν
332 3456 387 3530 οὖν
409 3469 559 3552 Κιρραῖοι
592 3461 637 3544 εἰς
667 3463 725 3553 τὴν
748 3461 983 3550 παρακειμένην
1005 3467 1052 3550 τῷ
1074 3465 1239 3549 Παρνασῷ
1260 3458 1398 3549 Κίφριν,

162 3563 234 3655 δ’ρος
268 3567 352 3632 οὕτω
396 3567 598 3651 καλούμενον,
645 3564 824 3654 ἀντέτρεφον,
859 3565 930 3632 ὅσοι
968 3563 1007 3653 δὴ
1040 3563 1096 3629 καὶ
1131 3563 1400 3651 περιλειφθέντες

163 3669 342 3755 ἐτύγχανον.
377 3670 583 3736 Καταλιπιὺν
606 3672 641 3736 δὲ
664 3668 681 3736 ὁ
704 3666 882 3756 Εὐρύλοχος
905 3665 1005 3748 ένίους
1027 3671 1093 3732 τιῦν
1115 3667 1291 3734 Θεσσαλῶν
1313 3666 1400 3750 μετὰ

162 3769 298 3839 Ἱππίου
327 3777 384 3837 τοῦ
407 3779 584 3862 στρατηγοῦ
608 3773 691 3839 ώστε
713 3771 786 3850 τοὺς
809 3768 1013 3849 ὑπολοίπους
1035 3767 1259 3854 χειρώσεσθαι,
1296 3765 1400 3856 ᾤχετο

163 3872 419 3964 ἀνακτησάμενος
440 3875 496 3942 τὸν
519 3872 636 3961 ἀγιῦνα.
671 3873 739 3940 Καὶ
763 3873 801 3961 δίη
824 3878 936 3939 τοῦτον
958 3871 1151 3960 χρηματίτην
1172 3869 1271 3954 μόνον
1288 3866 1399 3954 ἔθετο,

162 3978 244 4062 μετὰ
277 3978 312 4044 δέ
345 3977 455 4066 χρόνον
482 3976 594 4067 ἑξαετῆ
616 3973 925 4062 καταγιονισαμένιον
948 3981 1012 4040 τών
1034 3973 1116 4059 μετὰ
1148 3970 1286 4040 Ἱππίου
1320 3974 1400 4056 τοὺς

88 4118 91 4124 .
164 4076 427 4164 δπολελειμένοος
443 4087 508 4145 τών
520 4079 684 4168 Κιρραίων
707 4079 765 4144 ἐπὶ
788 4077 846 4162 μέν
858 4074 1031 4166 Ἀθήνησιν
1048 4074 1196 4165 ίίρχοντος
1208 4075 1400 4160 Δαμασίου,

164 4183 197 4249 ἐν
230 4183 266 4248 δέ
289 4186 431 4271 Δελφοῖς
454 4183 622 4270 Διοδώρου
658 4182 787 4268 ὕστερον
821 4181 876 4248 καί
910 4178 1103 4269 στεφανίτην
1136 4177 1250 4246 ἔθεντο
1284 4203 1402 4267 κατορ-

163 4285 338 4366 θώσαντες.

249 4389 325 4454 ibid.
350 4389 395 4454 δ.;
431 4387 487 4454 τὸν
509 4385 661 4453 Πυθικὸν
685 4382 792 4472 ἀγῶνα
815 4385 964 4474 διέθηκεν
986 4382 1162 4471 Εὐρύλοχος
1185 4381 1202 4450 ὁ
1230 4383 1403 4468 Θεσσαλὸς
