2902 4846
656 185 693 243 11

48 385 295 466 cognoscimus,
320 387 439 467 quippe
463 409 500 449 ex
524 388 602 468 ipsis
624 388 783 468 poematis
808 387 972 449 haustam.
998 407 1102 468 neque
1125 392 1175 449 tot
1197 388 1287 450 novis

50 495 88 551 et
113 487 317 565 adventiciis,
341 496 377 550 ut
400 488 445 551 ita
471 489 590 553 dic-am.
615 490 782 554 sententiis
805 491 949 555 mixtam.
974 495 1052 569 quot
1077 488 1286 552 Diodoream.

47 593 177 672 ltaque
201 596 320 668 statuo,
343 597 515 672 utramque
539 615 577 655 ex
598 592 661 654 illis
684 593 842 673 poernatis
865 591 1005 665 fluxisse,
1028 591 1167 654 alteram
1196 600 1286 656 recta

46 697 122 773 via,
156 693 293 757 alteram
323 715 342 755 a
371 695 620 776 mythographis
648 703 679 758 et
702 693 958 776 clnonographis
981 700 1050 756 tum
1074 694 1285 775 depravatam

46 805 123 861 tum
160 796 365 859 emendatam
400 798 465 860 sire
498 806 644 861 auctam.
681 799 771 860 errius
805 798 852 860 rei
885 796 988 859 multa
1021 796 1170 878 exempla
1197 797 1285 879 apud

48 901 238 964 Diodorum
263 906 401 962 exstant.
441 899 533 982 erae
556 901 654 963 hierit
670 900 826 963 dissensio
843 901 928 963 inter
943 900 1124 978 historicon,
1147 921 1285 980 quorum

45 1003 240 1084 fragmenta
262 1004 419 1080 norimus
442 1010 579 1084 apparet
604 1024 642 1066 ex
664 1002 804 1084 Iosepho
825 1004 845 1066 l.
863 1024 887 1065 s
912 1003 982 1066 ubi:
1008 999 1173 1087 περίεργος
1195 1001 1223 1064 d'
1248 995 1287 1064 dr

45 1101 119 1191 εἴην
162 1103 225 1188 ἐγὼ
265 1103 341 1180 coi-g
378 1103 454 1186 ἐμοῦ
493 1106 614 1186 μᾶλλον
654 1103 889 1186 ἐπισταμένοις
933 1103 1096 1169 διδάσκων
1133 1103 1195 1170 ὅσα
1227 1101 1286 1184 μὲν

46 1203 239 1282 Ἑλλάνικος
268 1203 467 1292 Ἀκοιοιλόῳ
496 1206 569 1289 περὶ
605 1212 670 1271 τῶν
704 1205 1187 1294 parentalia?cannapariae,
1223 1205 1285 1271 ὅσα

46 1308 85 1372 aa?
110 1312 299 1391 διορθοῦται
327 1308 381 1374 τὸν
397 1306 549 1374 Ἡσίοδον
564 1306 770 1386 Ἀκουσίλαος
794 1307 812 1397 ἢ
833 1308 906 1375 ’τίνοι
932 1309 1051 1396 τρόπον
1065 1306 1206 1395 Ἔφορος
1227 1306 1286 1391 μὲν

45 1409 237 1479 Ἑλλάνικον
270 1411 303 1476 ἐν
329 1416 397 1488 τοῖοΙ
428 1409 594 1488 πλείστοις
623 1411 816 1494 ιλιειόόμενον
847 1411 1064 1478 ἐπιδείκνυσιν
1078 1409 1220 1499 ’Έιγορον
1249 1409 1285 1476 δὲ

51 1513 196 1597 Τίμαιος
218 1514 271 1580 acti
290 1512 425 1597 Ti'pctror
438 1510 465 1578 oi
480 1516 547 1596 μετ’
562 1513 681 1579 ἐκεῖνον
704 1515 873 1599 γεγονότες,
897 1513 1072 1601 Ἡρόδοτον
1094 1513 1129 1578 δὲ
1154 1514 1285 1591 πάντες.

40 1616 132 1684 Ἀλλ’
158 1613 233 1682 cidi
257 1617 330 1703 περὶ
356 1621 420 1680 τιῦν
441 1619 617 1682 Σικελικῶν
639 1623 709 1696 τοῖς
732 1618 807 1703 περὶ
825 1614 988 1700 Ἀντίοχον
1010 1618 1065 1683 καὶ
1090 1615 1245 1682 Φίλιστον
1267 1612 1287 1704 ἢ

46 1720 203 1788 Κιιλλιίιν
218 1719 354 1803 Τίμαιος
372 1726 556 1806 οιμιγοινεῖν
576 1716 717 1808 ιῖξιόιοεν,
743 1717 809 1784 otd’
830 1712 870 1785 ιιό
895 1721 968 1806 περὶ
992 1726 1057 1786 τῶν
1075 1717 1233 1787 Ἀττικῶν
1256 1716 1284 1783 oi

43 1825 108 1902 τὰς
137 1821 298 1901 Ἀτθίδος
330 1822 584 1911 οι··γεγριιιγότες
605 1825 673 1888 κτλ.
718 1825 956 1888 Marmoreum
979 1828 1137 1889 sinceram
1160 1825 1285 1907 mytho·

45 1931 171 2012 logiam
194 1951 273 2011 prae
297 1950 330 1992 se
354 1929 448 2001 ferat,
473 1950 545 1992 eam
568 1935 678 1991 tamen
701 1929 797 1992 certis
820 1916 1021 2010 temporibus
1041 1927 1190 2007 defixam,
1215 1928 1284 1992 fon-

45 2039 115 2096 tem
148 2033 217 2096 eius
241 2053 398 2112 quaerere
420 2031 574 2094 debemus
596 2032 628 2093 in
652 2031 716 2094 illis
738 2031 953 2114 temporibus,
983 2031 1101 2112 quibus
1125 2031 1284 2113 simplices

48 2140 226 2216 poetarum
249 2136 453 2198 narrationes
477 2134 574 2197 certis
595 2135 687 2197 annis
711 2134 910 2199 definiebant
929 2134 1177 2216 chronographi,
1205 2140 1284 2197 tem-

45 2259 130 2319 pora
160 2237 363 2318 singularum
389 2260 498 2301 rerum
529 2240 649 2320 γενεαῖς
676 2244 708 2300 et
731 2237 803 2299 aliis
826 2237 954 2300 auxiliis
976 2239 1026 2300 usi
1049 2244 1283 2319 computantes.

45 2341 190 2404 Iamiam
230 2342 354 2421 experti
388 2347 463 2404 sunt
497 2340 666 2404 marmoris
702 2340 845 2421 computi
879 2339 1116 2421 discrepantias
1150 2341 1285 2404 chrono-

46 2443 250 2525 graphorum
272 2442 328 2505 sed
353 2443 496 2507 nondum
514 2443 699 2507 fabularum
720 2443 819 2505 miras
843 2442 1074 2523 explicationes
1098 2465 1179 2524 quas
1195 2442 1284 2525 eumd

46 2545 285 2610 Philochorum
307 2547 440 2629 eiusque
469 2552 645 2610 sectatores
674 2545 856 2608 invenimus
885 2545 974 2607 velut
996 2545 1189 2628 Triptolemi
1210 2544 1283 2609 dra-

47 2655 190 2727 contem,
216 2648 289 2710 alia.

136 2749 305 2832 Quattuor
324 2751 409 2814 enim
432 2758 507 2814 sunt
530 2751 672 2832 epochae
696 2750 985 2834 elnonographiae,
1009 2751 1123 2832 prima,
1140 2772 1224 2833 quae
1240 2750 1281 2814 ab

48 2853 226 2917 Hellanico
264 2853 419 2935 originem
452 2852 572 2917 ducens
603 2859 785 2936 temporum
816 2855 959 2918 rationes
990 2859 1134 2917 tractare
1166 2853 1281 2936 coepit,

47 2955 315 3038 genealogiarum
337 2956 470 3019 lacunas
486 2957 635 3038 explevit,
659 2956 798 3038 denique
815 2963 1003 3021 contextum
1019 2955 1281 3036 chronologicum

48 3058 255 3122 conformare
284 3079 383 3140 quam
411 3059 550 3122 maxime
578 3059 713 3122 studuit.
760 3063 873 3141 Atque
895 3061 1035 3142 primum
1057 3058 1188 3140 quidem
1213 3059 1281 3121 uni-
1345 3116 1349 3123 .

48 3183 141 3225 versa
172 3161 314 3224 omnium
345 3181 537 3242 graecarum
568 3163 735 3226 nationum
765 3162 903 3225 historia
932 3162 1050 3224 omissa
1080 3161 1280 3242 singularum

48 3263 184 3327 exordia
212 3270 244 3327 et
271 3257 486 3343 οὖτοχθονιίιν
514 3263 735 3328 demonstrare
759 3264 819 3328 sibi
843 3270 1090 3347 proposuerant,
1119 3269 1189 3326 tum
1211 3264 1280 3326 uni-

48 3367 240 3430 versitatem
269 3367 407 3430 nominis
439 3369 548 3447 graeci
578 3369 734 3450 complexi
763 3368 898 3450 Ephoro
929 3369 1009 3431 duce
1039 3372 1281 3449 temptaverunt

47 3469 219 3533 historiam
241 3470 465 3533 universalem.
503 3470 621 3533 Eidem
644 3471 785 3552 epochae
800 3471 879 3534 mihi
902 3470 1108 3534 adscribendi
1130 3469 1281 3533 videntur

48 3593 150 3654 opera
174 3592 294 3649 eorum,
318 3573 375 3654 qui
396 3573 608 3654 pristinorum
624 3581 792 3656 computos
808 3581 840 3637 et
856 3573 1060 3637 narrationes
1076 3579 1280 3637 recensentes

47 3682 105 3739 aut
135 3680 299 3739 auxerunt
328 3680 386 3739 aut
413 3682 632 3739 resecuerunt.
685 3677 777 3739 Inter
806 3698 886 3758 quos
913 3677 1064 3758 princeps
1093 3681 1143 3739 est
1169 3676 1279 3738 Philo-

48 3779 178 3855 choruS,
200 3778 256 3858 qui
271 3777 427 3860 imprimis
443 3777 608 3842 Hellanici
623 3779 829 3860 genealogias
844 3786 877 3842 et
892 3779 1068 3842 sententias
1084 3779 1280 3843 examinavit

46 3885 78 3944 et
99 3879 275 3962 castigavit
296 3881 354 3944 sed
376 3880 527 3945 Atthidis
551 3882 688 3962 scriptor
710 3881 841 3945 Atticas
864 3881 960 3945 modo
983 3903 1034 3945 res
1058 3882 1177 3962 attigit.

132 3981 255 4047 Altera
288 3983 411 4065 epocha
449 3990 486 4047 ut
517 3985 565 4047 ita
595 3983 700 4048 dicam
732 3984 938 4066 systematice
980 3985 1164 4048 continetur
1194 4004 1278 4047 com·

45 4083 273 4169 putationibus
288 4084 477 4150 Aristotelis
500 4087 632 4168 eiusque
656 4087 887 4169 discipulorum
910 4094 942 4150 et
958 4088 1014 4168 qui
1028 4107 1081 4150 eos
1098 4092 1278 4168 sequuntur

45 4189 158 4253 multis
181 4187 216 4251 in
237 4186 334 4251 rebus
356 4187 665 4253 Alexandrinorum.
711 4190 840 4254 Horum
861 4189 894 4252 in
916 4188 1107 4267 rationibus,
1143 4210 1216 4252 cum
1239 4210 1278 4252 ex

44 4290 271 4374 antiquiorum
321 4291 515 4373 scriptorum
560 4291 711 4373 operibus
756 4292 884 4357 delectu
926 4291 1038 4355 habito
1082 4291 1148 4354 suis
1193 4313 1276 4354 com·

44 4390 275 4474 putationibus
297 4391 398 4457 illatis
421 4415 541 4476 magna
564 4415 664 4476 opera
687 4394 966 4479 chronographica
989 4394 1136 4474 ederent,
1167 4415 1276 4458 omnes
