2902 4846
647 170 684 233 15

34 373 190 440 ostendit
225 373 486 439 commmnorutio
518 374 695 439 Phavorini
729 374 817 457 apud
847 374 1051 458 Stephanum
1081 377 1275 459 Byzantium

37 501 63 541 s,
91 502 121 541 v.
150 473 306 564 lincunt)
353 477 466 542 Tertia
494 485 600 542 exstat
631 479 787 542 derivatio
820 479 860 541 ah
891 479 1030 543 Atthide
1057 480 1125 544 filia
1156 481 1277 546 (lranai

38 581 135 663 apud
168 580 365 644 Strabonem
396 603 421 644 c.
454 585 531 661 391,
568 587 640 644 397.
693 581 732 645 cf.
764 582 804 644 de
836 583 898 645 hac
929 604 964 644 re
996 583 1095 646 Paus.
1120 585 1154 663 Ι,
1184 591 1215 664 2,
1241 589 1276 651 5:

38 684 132 747 Plin.
166 682 249 763 VH,
286 682 392 765 56¹4);
429 684 623 766 Apollodori
656 685 732 749 bibl.
768 685 840 763 ΙΙΙ,
880 688 934 764 14,
971 691 996 748 l.
1055 686 1173 750 Altera
1207 694 1278 749 erat

40 785 207 849 dissensio
239 786 278 849 de
310 784 482 867 Cecropia,
514 808 578 868 quo
608 788 736 850 nomine
765 788 912 851 Atticam
941 810 1071 852 vocasse
1101 788 1278 871 Cecropem
1309 847 1310 850 ,

40 888 167 952 Parius
185 889 333 971 scriptor,
353 888 695 972 Psemloapollodorus
711 891 731 953 l.
749 913 786 955 c..
809 890 996 971 Stephanus
1013 892 1191 973 Byzantius
1208 914 1232 955 s.
1249 916 1276 956 v.

40 987 223 1076 Κεκροττία
245 996 344 1054 testes
368 997 456 1057 sunt.
492 998 605 1056 contra
626 993 844 1056 Philochorus
867 993 905 1056 fr.
931 999 967 1056 ΙΙ
992 993 1153 1079 (Mueller.
1179 995 1278 1061 FHG

40 1094 108 1157 vol.
126 1093 162 1178 Ι)
187 1115 288 1156 unum
311 1115 350 1156 ex
373 1095 542 1158 duodecim
565 1096 692 1178 oppidis
715 1097 762 1158 ita
785 1096 986 1159 nominatum
1010 1118 1079 1160 esse
1099 1097 1184 1162 dicit.
1224 1100 1277 1162 ln·

41 1197 157 1260 venies
174 1197 305 1259 omnino
319 1198 448 1278 saepius
465 1198 701 1280 discrepantias
717 1200 801 1262 inter
814 1198 1044 1262 Philochorum
1061 1207 1093 1263 et
1109 1202 1277 1265 marmoris

43 1300 256 1382 scriptorem,
280 1300 398 1382 quibus
422 1307 567 1380 utemur,
593 1323 666 1364 cum
688 1323 752 1383 quo
775 1307 920 1382 tempore
945 1323 1026 1384 opus
1049 1304 1135 1367 unde
1158 1305 1277 1368 Parius

44 1410 166 1467 auctor
205 1402 315 1465 hausit
351 1409 459 1466 ortum
492 1405 533 1466 sit
570 1404 769 1467 definiemus.
826 1404 1064 1468 Adnotandum
1098 1407 1195 1470 etiam
1230 1414 1279 1470 ost

43 1528 167 1570 nomen
197 1505 315 1569 Actaei
347 1506 411 1568 siue
441 1506 618 1571 Actaeonis
648 1507 736 1588 apud
766 1507 943 1570 Eusebium
973 1530 1036 1571 non
1065 1517 1192 1573 exstare
1222 1510 1278 1574 sed

45 1608 140 1692 apud
164 1607 340 1672 'Patianum
363 1631 409 1672 or.
433 1608 505 1672 adv.
529 1607 675 1674 Graecos
697 1632 728 1692 p.
756 1614 838 1673 1500
860 1611 909 1673 ed.
935 1609 1015 1674 Otto
1038 1618 1071 1674 et
1092 1612 1167 1676 inde
1190 1614 1278 1696 apud

47 1710 257 1776 Clementem
290 1710 550 1774 Alexandrinum
587 1735 618 1793 p.
654 1718 726 1775 321.
788 1713 977 1776 Actaeus
1013 1735 1086 1777 cum
1118 1737 1277 1780 marmore

46 1814 182 1896 legitur.
1001 1877 1003 1880 .

92 1916 157 1998 Ep.
173 1920 202 1978 2.
221 1903 639 2001 Ἀφ’οὗΛεακαλτάκντταρὰ
664 1922 665 1983 j
735 1917 814 1980 Eus.
829 1923 868 1980 26
882 1918 950 1980 Hh.
979 1915 1167 1982 ,Ιακαλίων
1189 1925 1279 2002 βατι-

47 2016 105 2083 τὸν
150 2016 347 2103 Παρνασσὸν
390 2016 423 2080 ἐκ
461 2016 638 2105 Λακωρείμ
663 1988 666 2124 l
691 2017 791 2083 tedam
818 2023 882 2083 τῶν
905 2018 990 2084 κατὰ
1012 2020 1207 2105 ,Παρνασσὸν
1229 2017 1278 2110 ἤρ-

49 2118 238 2205 ἐβασίλειτε
259 2123 328 2186 κτλ.
663 2144 666 2209 p
692 2122 780 2200 ξατο.

10 2284 12 2289 .
50 2224 90 2288 de
112 2224 263 2307 Lycorea
286 2225 415 2307 scripsit
437 2224 535 2287 Paus.
560 2224 597 2286 X
621 2228 649 2302 6,
676 2229 693 2285 2
718 2232 750 2288 et
774 2233 801 2291 3.

92 2328 157 2410 Ep.
172 2331 201 2389 3.
221 2322 295 2412 Ἀφ’
310 2314 345 2390 οἷ’
364 2323 438 2413 δίκη
450 2321 667 2413 Ἀθήνι,σι[νῖ
736 2329 815 2391 Eus.
846 2333 886 2392 28
914 2329 976 2391 He.
1016 2323 1139 2413 ’Ἀραος
1173 2328 1280 2414 πάγας

50 2427 191 2517 {ydram
227 2425 315 2514 ’Ἀρει
359 2428 414 2493 καὶ
458 2429 640 2493 ,Ποσειδῶνι
664 2404 667 2539 Ι,
692 2427 814 2517 ἐκλήθη
837 2429 890 2493 καὶ
909 2430 1113 2517 δικαστήριον
1129 2430 1278 2518 suttorp.

50 2528 135 2618 ὑπὲρ
176 2526 379 2617 Ἀλιρῥοθίοά
422 2535 480 2595 τοῦ
525 2538 667 2625 Ποσει-ἱ

50 2635 152 2711 δῶκας
162 2633 219 2699 καὶ
232 2631 249 2699 ὁ
264 2632 369 2713 τόπος
380 2634 503 2723 ἐκλήθη
518 2629 642 2721 ’Ἄρειος
665 2662 667 2733 p

51 2738 160 2824 πάγος
183 2739 251 2802 κτλ.
665 2748 667 2822 ἦ

137 2841 305 2906 Narratur
331 2863 383 2904 res
413 2840 481 2905 fere
509 2841 551 2904 ad
581 2841 680 2904 verha
705 2841 876 2905 marmoris
900 2842 987 2924 apud
1010 2844 1219 2907 Hellanioum
1240 2844 1278 2906 fr.

51 2949 100 3024 69,
125 2948 186 3023 82;
221 2944 455 3009 Philochorum
477 2943 515 3006 fr.
542 2948 596 3020 163
632 2944 991 3025 Pseudoapollodorum
1015 2946 1087 3025 ΙΙΙ,
1115 2951 1168 3026 14,
1194 2947 1279 3030 215),

50 3049 151 3112 Paus.
176 3048 206 3127 Ι,
235 3051 285 3127 28,
310 3051 328 3109 5
352 3047 539 3110 narratione
563 3047 602 3109 de
626 3045 764 3128 Alcippe
787 3047 909 3110 addita.

91 3152 158 3234 Ep.
187 3153 218 3213 4.
257 3144 331 3236 Ἀφ’
356 3137 392 3212 od
416 3146 641 3230 κατακλυσμὸς
736 3150 814 3212 Eua.
846 3154 885 3212 26
914 3150 979 3214 Ha.
1036 3148 1133 3213 Κατὰ
1170 3154 1282 3213 roruor

50 3250 108 3317 ἐπὶ
134 3247 360 3328 Δευκαλίωνος
384 3248 506 3334 ἐγένετο
528 3252 596 3315 κτλ.
666 3240 667 3311 l
692 3248 748 3313 τὸν
766 3249 917 3335 Κραναὸν
940 3247 957 3316 ὁ
981 3249 1040 3315 ἐπὶ
1059 3249 1282 3328 Δευκαλίααος

666 3400 667 3411 .
693 3352 919 3435 κατακλυσμὸς
956 3352 989 3417 ἐν
1027 3352 1192 3440 Θεσσαλία
1227 3353 1280 3418 καὶ

692 3450 709 3517 ὁ
734 3453 792 3519 ἐπὶ
820 3455 1009 3535 Φαέθοντος
1038 3453 1226 3544 ἐμπρησμὸς
1249 3455 1283 3519 ἐν

666 3574 668 3643 ξ
694 3553 872 3646 Αἰθιοπίᾳ

142 3709 280 3780 13)Ἀκτὴ,
305 3710 389 3766 ottus.-
408 3707 424 3778 ἡ
440 3708 546 3779 Ἀττικὴ
565 3711 685 3764 ἐκαλεῖτο
704 3708 760 3765 ἀπὸ
775 3709 898 3765 Ἀκταίου
916 3712 996 3775 τινός,
1016 3708 1084 3784 ἀνὴρ
1105 3709 1134 3762 δὲ
1152 3703 1186 3776 ἢν
1205 3708 1280 3763 αἰτιό-

47 3800 142 3867 χθων,
172 3795 209 3852 circ
238 3803 405 3869 Φαβωρῖνος,
432 3795 461 3852 tir
488 3797 669 3867 Epistolicarum
690 3804 744 3850 ἐκεῖ
769 3804 812 3849 καὶ
832 3796 878 3868 ἀφ’
900 3797 996 3850 irrorari
1016 3795 1101 3853 odraus
1119 3796 1169 3864 τὴν
1185 3797 1283 3869 χώραν

48 3881 179 3954 ὠνόμασε
198 3881 425 3947 acclamatoriis,
448 3881 649 3955 Ἀπολλόδωρος
670 3882 699 3936 δὲ
728 3880 862 3936 τάναττιά
891 3892 983 3954 φησίν,
1011 3882 1081 3936 otro
1110 3882 1163 3957 μὰρ
1181 3882 1283 3949 ἐκλήθη

49 3968 96 4024 διὰ
116 3968 150 4023 τὸ
169 3968 239 4022 πολὺ
258 3974 337 4040 μέρος
356 3965 438 4036 αὐτῆς
456 3971 654 4023 καθικνεῖσθαι
673 3972 709 4025 εἰς
730 3971 886 4025 θάλασσαν.

76 4042 81 4047 ’
140 4054 177 4123 ¹⁴)
195 4055 245 4108 illo
274 4055 364 4122 capite
393 4057 469 4123 quod
496 4057 530 4110 de
558 4056 771 4108 inventionibus
795 4059 912 4123 aliisque
937 4057 1020 4107 robus
1045 4055 1187 4109 historicis
1214 4057 1282 4125 agit,

50 4144 223 4209 excerptum
240 4141 361 4194 fortasse
380 4159 414 4194 ex
433 4143 556 4210 quodam
575 4142 648 4194 libro
666 4149 726 4213 περὶ
746 4139 921 4216 εὑρημάτων,-
941 4142 976 4194 cf.
991 4142 1180 4194 'themistium
1194 4159 1232 4196 or,
1248 4144 1281 4196 27

45 4246 76 4297 p.
100 4228 163 4280 337.

142 4314 178 4381 ¹⁶)
197 4306 286 4379 seque
306 4314 388 4378 atquc
407 4314 481 4381 apud
492 4313 672 4366 Hollauicmu
686 4314 719 4365 fr.
733 4315 766 4364 82
780 4314 865 4366 etiam
879 4314 955 4380 apud
966 4313 1280 4381 Pseudoapollodorum

44 4404 167 4473 praeter
184 4400 239 4453 hoc
256 4396 392 4450 iudicium
411 4398 467 4464 III,
488 4401 527 4465 15,
550 4401 562 4451 l
584 4399 707 4466 Cephali,
730 4399 782 4464 ΙΙΙ,
805 4403 841 4465 lo,
861 4402 876 4450 9
898 4399 1016 4452 Daedali
1036 4402 1143 4454 montio
1161 4402 1202 4457 fit.
