2940 4844
707 192 749 251 54

117 415 219 476 usque
248 393 290 457 ad
323 393 449 479 14351):
481 397 537 466 63,
568 393 609 456 ab
634 391 744 479 22252)
768 395 935 476 usquead
960 392 1100 481 17[9⁵³):
1132 395 1189 471 43,
1212 392 1254 455 ab
1277 396 1335 456 222

116 496 284 578 usquead
310 500 390 560 145:
417 494 519 580 77⁶4),
544 496 585 559 ab
611 495 722 579 17953)
746 517 849 578 usque
872 496 913 559 ad
938 501 1013 559 145:
1039 499 1080 558 34
1100 497 1186 558 anni.

204 599 266 662 His
282 600 468 681 praemissis
484 599 653 663 redeamus
669 600 712 662 ad
729 600 950 680 quaestionem
967 599 1006 662 de
1024 599 1184 681 computis
1200 601 1234 662 A
1250 603 1282 662 et
1297 597 1334 661 B.

117 702 354 784 Neglexerunt,
386 707 423 765 ut
451 702 529 764 mihi
560 702 689 784 quidem
718 703 856 782 videtur,
886 703 946 765 viri
974 702 1060 765 docti
1094 701 1181 782 quod
1205 701 1338 764 chrono-

118 804 261 887 graphus
285 803 318 865 in
340 805 519 868 recentiore
543 811 635 886 parte
659 814 809 888 computo
826 806 857 870 A
874 806 977 868 utitur
994 805 1180 887 saepissime
1196 805 1227 866 in
1246 804 1338 866 rebus

117 907 278 970 vilissimis
303 906 342 969 de
363 906 479 987 quibus
502 906 571 971 falli
593 907 745 972 facillime
766 910 882 991 potuit,
906 909 939 971 in
956 914 1049 990 parte
1065 907 1172 989 priore
1188 908 1221 969 in
1237 907 1337 970 multo

118 1009 319 1092 gravioribus
357 1015 389 1072 et
425 1010 521 1093 vulgo
555 1013 637 1075 notis
672 1013 768 1076 rebus
803 1016 989 1095 computum
1024 1010 1052 1074 B
1087 1010 1244 1092 praetulit
1278 1031 1338 1073 uno

122 1111 274 1176 Charetis
299 1112 363 1193 lep.
388 1114 443 1197 55)
467 1135 551 1176 anno
575 1121 718 1198 excepte.

19 1210 22 1215 ’
203 1214 278 1278 Hoc
304 1236 354 1277 me
384 1215 521 1280 adduxit
550 1225 586 1281 ut
612 1219 808 1300 inquirerem
836 1218 869 1280 in
893 1237 947 1281 eos
971 1215 1168 1298 epocharum
1190 1235 1339 1278 numeros

119 1338 199 1398 quos
215 1316 401 1381 Boechhius
424 1319 522 1382 nimio
545 1341 655 1383 amore
678 1326 864 1402 computum
880 1321 912 1383 A
936 1318 1103 1400 amplexus
1128 1317 1252 1381 ex‘hoc
1272 1318 1338 1400 ipso

119 1426 262 1502 sumptos
293 1441 361 1484 esse
390 1421 514 1484 statuit.
567 1422 654 1486 Nam
686 1423 761 1501 etsi,
796 1421 883 1504 quod
913 1443 977 1485 uon
1008 1441 1128 1501 negare
1159 1441 1338 1502 possumne,

119 1523 322 1586 concedimus
345 1523 426 1587 duos
450 1531 616 1607 computos
640 1525 803 1588 adhibitos
827 1544 895 1587 esse
918 1525 965 1587 ita
988 1529 1025 1586 ut
1047 1544 1105 1605 per
1127 1527 1177 1586 tot
1202 1523 1339 1604 epochas

120 1631 288 1708 computus
310 1627 352 1705 A,
376 1647 434 1707 per
456 1627 549 1691 totB
573 1635 688 1711 regnet
710 1635 818 1692 tamen
840 1627 938 1710 plane
962 1626 1126 1705 abhorret,
1152 1625 1276 1707 opinor,
1300 1625 1339 1688 ab

119 1729 227 1793 indole
257 1729 413 1808 33313113,
443 1730 529 1810 quod
561 1732 616 1813 qui
645 1736 695 1794 tot
723 1752 831 1795 rerum
861 1750 961 1793 annos
990 1733 1058 1791 tam
1084 1733 1237 1792 accurate
1261 1748 1340 1791 conr-

120 1832 288 1914 putaverit
313 1831 339 1894 is
364 1830 498 1895 diversis
522 1834 688 1916 computis,
713 1832 808 1896 modo
825 1832 867 1912 Α,
893 1831 988 1896 modo
1004 1831 1034 1894 B
1051 1851 1129 1893 usus
1152 1830 1203 1893 sit.
1244 1829 1339 1896 Vide-

120 1954 211 1998 amus
241 1935 341 2016 igitur
371 1956 442 2016 epp.
467 1940 517 2014 35,
543 1940 596 2015 38,
620 1940 659 1999 41
690 1957 772 2019 quas
801 1936 834 1998 in
862 1935 968 2016 priore
995 1938 1088 2016 parte
1111 1933 1281 1996 marmoris
1304 1954 1340 1996 ex

121 2042 271 2118 computo
295 2036 328 2100 A
352 2043 497 2119 sumptas
521 2058 589 2101 esse
604 2037 776 2102 'contendit
802 2037 993 2115 Boeckhius⁷
1018 2036 1057 2100 de
1083 2035 1234 2100 Charetis
1257 2057 1339 2098 anno

121 2140 162 2203 ad
185 2161 233 2221 ep.
259 2141 299 2202 55
321 2138 478 2203 adnotato
500 2139 634 2203 inferius
657 2139 736 2202 mihi
757 2140 928 2204 dicendum
953 2139 1023 2202 erit.
1068 2139 1280 2220 Epooharum
1302 2141 1339 2200 35

122 2246 216 2306 3141
241 2241 382 2306 rationes
406 2242 491 2305 inter
514 2263 547 2306 se
571 2243 745 2306 cohaerent
769 2264 807 2306 ex
831 2241 986 2306 Boechhii
1010 2240 1179 2319 sententia,
1204 2262 1341 2323 quarum

120 2346 220 2427 igitur
248 2345 274 2408 si
302 2344 439 2407 alteram
465 2344 713 2408 refutaverimus
745 2346 849 2408 alt-era
875 2366 933 2427 per
960 2365 993 2407 se
1017 2342 1173 2407 concidet.
1218 2343 1341 2425 Euthy-

122 2447 249 2510 demum
283 2467 331 2529 ep.
360 2450 399 2510 41
436 2468 519 2511 anno
550 2452 611 2510 232
639 2449 807 2513 marmoris
837 2448 870 2512 id
898 2453 947 2511 est
978 2451 1038 2510 556
1065 2467 1094 2510 a.
1124 2445 1201 2511 Chr.
1231 2468 1262 2508 n.
1293 2467 1341 2508 ar-

122 2549 272 2613 chontem
306 2548 404 2613 fuisse
436 2549 618 2614 confirmari
645 2557 741 2634 putat
770 2573 807 2614 ex
836 2550 993 2632 Diogenis
1022 2548 1149 2612 Laertii
1177 2549 1247 2613 loco
1277 2569 1343 2611 cor-

121 2658 217 2733 rupto
241 2652 269 2730 Ι,
294 2658 321 2732 3,
347 2657 397 2733 68,
421 2652 477 2716 ubi
500 2652 539 2716 de
563 2651 708 2718 Chilonis
733 2654 893 2737 ephoratu
915 2651 1009 2715 haec:
1041 2648 1147 2735 μέμονε
1171 2648 1207 2713 δέ
1229 2646 1343 2736 ἔφορος

121 2751 206 2818 κατὰ
238 2751 295 2840 τὴν
323 2753 539 2841 πεντηκοστὴν
561 2751 655 2842 ἕκοῃν
678 2750 876 2836 ὀλυμπιάδα.
916 2749 1075 2841 Παμφίλη
1098 2751 1134 2818 δέ
1156 2774 1237 2840 φησι
1260 2751 1345 2817 κατὰ

121 2854 179 2942 τὴν
201 2852 302 2942 ἕκτην.
343 2854 412 2920 Καὶ
436 2861 565 2941 πρῶτον
588 2855 703 2944 ἔφορον
726 2855 876 2941 γενέσθαι
900 2854 958 2920 ἐπὶ
981 2851 1174 2944 Εὐθυδήμου
1199 2855 1242 2936 (ὅς
1266 2879 1345 2942 φησι

122 2957 336 3044 Σωσικράτης.
390 2959 596 3042 Quamquam
625 2961 727 3045 probo
767 2961 855 3043 quod
888 2959 1043 3024 Corsinus
1077 2960 1199 3042 primus
1228 2961 1346 3024 statuit

122 3061 303 3143 Diogenem
336 3063 405 3126 sola
436 3063 618 3146 olympiade
648 3065 812 3128 nominata
839 3063 977 3146 primum
1006 3063 1197 3144 plerumque
1225 3085 1347 3126 annum

123 3165 294 3246 designare
325 3165 456 3228 solitum
487 3188 556 3230 esse
579 3173 688 3230 tamen
713 3171 842 3231 exstant
866 3166 1032 3248 complura
1056 3165 1204 3248 exempla
1227 3166 1346 3247 quibus

122 3268 217 3349 primi
248 3268 326 3331 anni
357 3267 524 3331 adnotatio
553 3268 665 3333 addita
695 3276 759 3348 est,
789 3269 852 3332 alia
875 3269 990 3350 quibus
1014 3269 1097 3332 alius
1120 3290 1224 3332 annus
1249 3269 1349 3351 signi-

122 3370 247 3433 ficatur.
286 3370 361 3433 Hoc
384 3369 514 3450 quidem
537 3370 607 3435 loco
631 3372 723 3436 valde
748 3371 860 3436 dubito
883 3393 959 3459 num
982 3371 1090 3451 3156,
1110 3378 1126 3434 1
1152 3371 1349 3435 statuendus

124 3474 165 3536 311
187 3494 246 3555 pro
269 3472 309 3535 ol.
328 3476 377 3551 56,
396 3476 424 3552 2,
449 3474 640 3554 praesertim
665 3497 735 3538 cum
760 3476 849 3538 locus
873 3480 1044 3555 corruptus
1068 3474 1118 3537 sit.
1159 3471 1255 3555 Quae
1278 3494 1351 3538 cor-

122 3575 249 3657 ruptela
284 3597 414 3657 quoquo
440 3575 535 3640 modo
566 3577 691 3641 tollitur
723 3579 775 3662 (iis
807 3576 966 3640 assentior
995 3577 1050 3658 qui
1072 3576 1254 3658 posteriore
1277 3576 1351 3641 loco

123 3673 227 3762 ἕκτην,
266 3678 372 3759 priore
411 3675 567 3765 πέμπτην
596 3681 754 3764 scribunt)
795 3686 905 3743 tamen
934 3701 999 3743 non
1030 3700 1189 3763 apparere
1219 3679 1353 3744 videtur

124 3785 213 3843 certa
235 3781 361 3844 ratione
384 3802 504 3844 annum
527 3781 567 3844 ol.
593 3787 643 3863 56,
670 3787 685 3844 1
715 3782 921 3865 Euthydemo
945 3782 1153 3847 tribuendum
1176 3802 1265 3858 esse3
1289 3783 1354 3847 hoo

124 3881 254 3964 quidem
292 3883 362 3946 loco
400 3905 464 3965 quo
501 3905 603 3949 novus
640 3887 733 3950 testis
765 3886 888 3949 accitur
920 3885 1033 3949 eodem
1064 3885 1133 3948 iure
1165 3885 1251 3948 alter
1283 3887 1355 3951 sive

210 4070 246 4137 Μ1
265 4087 307 4138 ep.
326 4072 372 4122 64:
395 4072 443 4122 143
462 4074 504 4124 est
523 4073 711 4139 supplendum
731 4076 897 4140 excornputo
916 4072 947 4124 B.

210 4155 244 4222 51)
263 4174 305 4224 ep.
325 4158 365 4208 50.

212 4241 247 4308 13)
267 4243 300 4295 cl'.
321 4243 414 4294 adnot.
434 4245 480 4296 48:
503 4247 551 4295 179
569 4262 620 4311 pro
640 4246 689 4296 178
708 4244 903 4311 supplendum.

213 4327 247 4394 Μ)
265 4329 438 4396 supplendus
458 4333 500 4380 est
519 4348 650 4382 numerus
670 4333 702 4382 77
721 4348 777 4382 non
797 4348 859 4381 cum
879 4329 1020 4381 Boechhio
1040 4332 1085 4394 78,
1109 4331 1234 4398 quinon
1254 4333 1296 4385 ita
1316 4335 1353 4387 ad

125 4413 293 4466 sententiam
312 4413 388 4466 Parii
408 4430 491 4481 quam
511 4415 545 4466 ad
565 4415 721 4480 veritatem,
740 4434 820 4483 quam
841 4417 960 4483 putavit,
979 4418 1127 4484 supplevit.
