2902 4846
522 112 525 118 ’
621 250 625 255 ,
697 162 821 255 a.-.

107 387 171 430 non
195 364 236 429 ab
260 385 297 427 eo
320 363 400 446 ipso,
425 369 511 427 certe
535 363 576 427 ab
600 365 668 428 eius
691 373 822 431 auctore
845 371 1033 446 portentum
1048 362 1139 431 ‘illud
1157 387 1230 429 cum
1246 367 1300 430 cla

107 466 439 532 Lacedaemoniorum
464 466 703 549 quodammodo
727 470 931 532 coniunctum
956 489 1034 532 esse.
1075 469 1257 551 Propterea
1277 469 1310 531 ln

108 572 148 636 ab
183 570 424 634 enumeratione
455 576 679 652 portentorum
706 578 893 654 separatum
924 573 956 634 in
988 593 1109 634 annum
1138 572 1310 635 Alcisthel

106 674 302 738 translatum
325 679 382 737 est.
1125 668 1128 675 '

194 777 257 859 Ep.
283 781 332 838 72.
379 776 495 857 Pugna
523 775 699 839 Leuctrica
739 798 834 858 quam
866 775 954 859 apud
988 774 1172 840 Diodorum
1195 777 1272 857 XV,

107 902 155 963 sq.
179 885 211 943 et
226 878 426 942 Pausaniam
442 877 542 956 VIII,
560 883 610 958 27,
633 883 652 940 8
677 879 832 944 archonte
848 879 1053 943 Phrasiclide
1079 881 1235 944 accidisse
1251 880 1310 961 leg

108 982 197 1066 apud
206 981 385 1046 Eusebium
400 1002 441 1045 ne
457 988 741 1045 commemoratam
754 982 885 1065 quidem
896 983 1049 1046 invenies.
1081 983 1145 1046 Est
1157 982 1310 1065 exempl[

106 1084 413 1163 luculentissimum,
442 1105 539 1165 quam
565 1084 755 1148 lacunosum
777 1085 913 1149 Eusebii
943 1086 1118 1149 chronicon
1146 1087 1202 1166 sit,
1234 1107 1310 1167 neq

109 1189 253 1272 graviter
269 1187 450 1250 errabimus
468 1187 494 1249 si
511 1187 575 1250 alia
591 1187 632 1250 ab
650 1209 687 1250 eo
704 1188 822 1251 omissa
838 1189 941 1252 eidem
957 1189 1166 1252 attribuimus
1183 1188 1279 1252 casui.

109 1291 337 1356 Additamenti
374 1289 462 1372 quod
494 1290 679 1353 Boecklrius
712 1291 755 1354 ad
783 1312 852 1354 rem
881 1293 1001 1374 optime
1030 1292 1231 1374 supplevisse
1260 1291 1310 1354 mi

109 1395 238 1458 videtur
261 1392 390 1474 singula
414 1392 512 1456 verba
535 1393 613 1456 mihi
637 1416 700 1456 non
728 1394 874 1476 placent3
899 1415 1061 1476 nusquam
1078 1395 1162 1458 enirn
1178 1396 1310 1458 invenit·

108 1497 189 1562 illud
219 1495 307 1579 quod
338 1495 500 1578 supplevit
527 1493 613 1559 κατὰ
640 1500 754 1559 τοῦτον
776 1499 822 1560 ita
846 1518 865 1560 a
888 1497 987 1560 Pario
1010 1496 1193 1560 adhibitum
1226 1504 1263 1560 ut
1295 1546 1308 1555 .

110 1600 299 1665 archontem
327 1600 504 1682 pertineat,
535 1599 630 1662 aliter
653 1605 761 1662 autem
785 1599 846 1662 boc
870 1599 999 1681 quidem
1023 1600 1093 1662 loco
1116 1599 1252 1682 intelligi
1274 1622 1305 1662 n-

110 1710 228 1788 potest.
250 1741 282 1750 -
303 1700 423 1765 Differt
439 1702 465 1764 si
484 1723 593 1765 verum
610 1707 667 1781 est,
686 1702 774 1784 quod
791 1702 940 1785 equidem
956 1703 1063 1782 oredo,
1080 1703 1310 1784 supplementi!

111 1805 269 1872 Boeohhii
303 1826 366 1868 uno
408 1825 492 1867 anno
524 1804 564 1866 ab
596 1803 756 1883 Diodoro,
789 1807 845 1887 qui
875 1805 954 1883 XV,
985 1810 1025 1868 60
1055 1805 1224 1888 Dysniceti
1254 1826 1310 1867 an:

110 1911 208 1973 trium
224 1908 478 1990 regumobitum
495 1906 655 1983 attribuit,
669 1906 834 1989 Amyntae
845 1909 1021 1972 Arrhidaei
1037 1908 1105 1989 filii,
1117 1906 1310 1990 Agesipolis?

110 2013 239 2077 Iasonis
256 2011 405 2075 Pheraei.
443 2010 598 2073 Fortasse
615 2009 781 2072 Diodorus
805 2012 871 2074 sive
893 2012 919 2072 is
944 2033 1039 2093 quem
1062 2013 1208 2093 sequitur
1226 2015 1310 2073 auct.

111 2117 192 2179 haec
239 2114 313 2176 ideo
348 2113 514 2176 coniunxit
553 2119 590 2176 ut
623 2113 901 2196 synchronismum
936 2115 990 2196 qui
1034 2114 1153 2178 dicitur
1190 2113 1310 2178 efficer-

112 2219 249 2300 Pugnae
282 2215 476 2279 Leuctricae
511 2221 639 2298 tempus
671 2217 817 2280 definivit
850 2218 949 2280 etiam
984 2217 1218 2282 Eratosthenes
1252 2236 1310 2298 apt

113 2321 214 2386 Olem.
238 2319 334 2383 Alex.
358 2341 388 2401 p.
413 2323 485 2382 336.

199 2423 262 2506 Ep.
288 2427 326 2485 72
356 2421 396 2486 de
419 2421 556 2485 victoria
578 2443 597 2484 a
620 2421 805 2486 Stesichoro
829 2422 932 2486 altero
955 2423 1098 2486 Athenis
1121 2426 1283 2504 reportata

112 2525 312 2609 Megalopoli
339 2525 420 2589 urbe
447 2525 588 2589 condita.
640 2525 691 2588 De
722 2525 829 2607 priore
859 2547 893 2589 re
922 2548 1015 2589 nemo
1046 2532 1178 2607 praeter
1206 2523 1310 2588 Parim

112 2630 351 2710 retulit'neque
373 2649 448 2691 vero
473 2627 513 2690 de
536 2628 604 2690 eius
627 2628 763 2691 ueritate
786 2633 959 2710 propterea
982 2628 1236 2707 diiudicandum,
1259 2625 1310 2689 nil

112 2733 188 2796 iude
210 2731 350 2795 efficitur
372 2732 433 2793 nisi
455 2731 516 2793 hoc
540 2752 588 2812 ep.
606 2733 646 2792 50
670 2729 709 2794 de
734 2731 912 2794 clarissimo
934 2731 990 2794 illo
1013 2736 1111 2813 poeta
1127 2733 1179 2814 agi
1197 2753 1235 2793 ex
1248 2730 1310 2792 Par

114 2835 243 2917 quidem
271 2834 441 2897 sententia.
466 2870 505 2878 -
531 2833 582 2896 De
611 2833 713 2896 altera
737 2855 771 2896 re
795 2840 924 2899 exstant
947 2835 1135 2898 testimonia
1157 2831 1310 2897 Pausania

114 2945 146 3003 et
173 2935 313 3001 Diodori
341 2937 427 2999 inter
454 2957 488 3000 se
517 2934 745 3017 discrepantia.
802 2936 910 3000 Olinto
940 2938 1139 3001 Pausaniam
1164 2936 1268 3014 VIII,
1296 2938 1310 2994 1

115 3041 205 3104 cuius
235 3038 315 3103 fides
343 3038 490 3102 firmetur
518 3039 751 3121 Xenophontis
781 3040 869 3103 Hell.
887 3040 948 3120 VI,
973 3045 1001 3120 5,
1027 3045 1044 3103 3
1077 3039 1262 3104 testimonio
1291 3057 1304 3098 s

22 3174 25 3179 ·
118 3144 174 3226 qui
197 3143 322 3206 mavult
345 3163 443 3224 quam
467 3141 661 3220 Diodorum,
694 3142 880 3206 Bceckhius
903 3143 993 3207 nullo
1015 3148 1207 3224 argumento
1231 3140 1310 3205 addit

114 3245 312 3310 Pausaniam
335 3244 535 3326 sequendum
551 3251 654 3326 putat.
693 3245 775 3308 Mihi
796 3244 924 3328 quidem
942 3247 1026 3309 duae
1042 3246 1221 3309 sententiae
1245 3244 1310 3307 fuiss

114 3347 273 3425 videntur,
291 3369 356 3410 una
368 3369 451 3428 quae
468 3346 589 3410 diceret
601 3348 832 3430 Megalopolim
848 3350 1011 3412 conditam
1026 3370 1096 3412 esse
1112 3354 1186 3430 post
1201 3366 1310 3431 pugna:

21 3440 25 3446 ¹
114 3450 321 3514 Leuctricam
344 3471 428 3531 quae
452 3451 540 3532 apud
562 3450 760 3514 Pausaniam
782 3452 803 3514 l.
821 3474 845 3515 s.
862 3458 977 3531 exstat,
1001 3452 1106 3514 altera
1126 3458 1200 3533 post
1216 3448 1310 3514 clade]

115 3552 284 3617 Arcadum
318 3574 402 3634 quae
435 3552 522 3635 apud
545 3553 728 3617 Diodorum
751 3556 923 3619 invenitur.
968 3554 1086 3636 Neque
1110 3553 1241 3618 difficile
1263 3548 1310 3614 mil

114 3655 242 3720 videtur
264 3655 429 3738 indagare,
461 3678 525 3738 quo
549 3657 645 3720 modo
668 3657 749 3723 haec
783 3658 1002 3740 discrepantia
1030 3663 1103 3720 orta
1137 3659 1179 3720 sit
1206 3658 1232 3721 si
1259 3672 1310 3737 qne

114 3759 214 3823 refert
235 3757 402 3822 Diodorus
430 3759 676 3823 recensebimus
722 3761 824 3843 Apud
849 3761 1043 3844 posteriores
1066 3761 1222 3823 historiae
1245 3756 1310 3835 scri]

115 3868 201 3926 tores
238 3868 375 3944 apparet
412 3863 598 3925 institutum
635 3865 804 3928 concilium
837 3864 1037 3928 Arcadicum
1076 3863 1186 3926 decem
1220 3861 1302 3926 miliu

115 3966 256 4029 virorum
295 3972 326 4028 et
363 3965 526 4028 conditam
555 3966 668 4030 urbem
695 3966 916 4048 Megalopolin
948 3967 1132 4049 saepissime
1164 3988 1229 4029 una
1260 3980 1310 4026 cor

115 4067 287 4138 memorari
319 4067 487 4151 eidemque
520 4090 605 4131 anno
635 4071 769 4134 attribui
801 4071 854 4154 (cf.
884 4069 1022 4134 Aristot.
1053 4069 1091 4132 fr.
1122 4070 1188 4154 91).
1241 4067 1310 4146 Api

116 4170 298 4234 Diodorum
338 4191 413 4233 vero
454 4171 608 4234 archonte
640 4173 818 4255 Dysnioeto
857 4173 913 4257 (ol.
946 4179 1023 4253 102,
1054 4173 1088 4258 3)
1130 4195 1155 4235 c.
1187 4177 1226 4234 53
1267 4170 1305 4230 ha

114 4271 283 4354 leguntur:
331 4270 413 4356 Περὶ
445 4271 480 4336 δὲ
507 4271 581 4351 τοὺς
611 4269 727 4350 αὖτοὺς
758 4272 885 4359 χρόνο1ς
912 4274 1108 4362 Λνκομήόης
1137 4270 1154 4338 ὁ
1190 4266 1310 4356 Tcyrdv

31 4401 32 4405 ’
116 4371 228 4443 ἔπεισε
265 4372 340 4451 τοὺς
373 4369 535 4458 Ἀρκάδας
564 4371 610 4453 εἰς
639 4374 717 4462 μίαν
747 4377 928 4443 συντέλειαν
958 4382 1118 4466 ταχθῆναι
1150 4376 1205 4441 καὶ
1236 4391 1309 4438 κοιν
