2902 4846
778 159 817 220 12

179 368 384 445 posterorum
413 363 555 426 rationes
577 363 704 443 positae
726 368 811 426 sunt.
858 360 924 427 Sed
946 361 1091 442 ipsorum
1116 361 1219 444 culpa
1243 364 1408 446 grandissi

179 487 268 528 mum
295 464 391 528 huius
420 464 562 546 epochae
591 486 671 547 opus
699 465 988 529 Eratosthenicum
1018 463 1131 546 paucis
1160 463 1246 529 locis
1280 469 1409 553 exceptis

179 566 332 632 oblivioni
359 567 517 630 traditum
547 574 609 646 est,
638 589 711 631 cum
733 568 956 650 Apollodorus
986 588 1077 631 suam
1099 567 1264 649 syntaxin
1288 591 1410 655 eamque

179 669 324 734 versibus
351 671 568 752 conscriptam
591 669 828 750 substituisset,
858 692 957 752 quam
980 691 1051 734 cum
1073 669 1141 734 fere
1165 691 1287 738 omnes
1312 695 1411 759 seque

179 779 292 836 rentur
329 774 516 856 saepissime
555 774 689 837 citatam
725 773 915 836 invenimus.
973 771 1039 837 Sed
1075 773 1143 836 iam
1181 773 1411 858 desperaverat

175 875 402 958 ‚Apollodorus
425 877 465 940 (11
485 881 639 939 accurata
660 881 843 957 temporum
864 875 1085 940 fabulosorum
1108 874 1310 944 definitione
1325 885 1412 963 atquc

178 979 306 1042 initium
337 978 413 1042 fecit
445 1001 465 1042 a
496 978 614 1042 Troiae
646 980 885 1061 expugnatione
917 1000 1016 1060 quam
1046 978 1207 1043 historica
1240 980 1311 1046 fide
1339 1004 1412 1048 com·

178 1082 364 1146 mendatam
387 1081 535 1164 putabat.
576 1079 783 1145 Bibliotheca
806 1081 1041 1164 Apollodorea,
1066 1081 1310 1149 obtruncatum
1332 1086 1412 1152 1111111

180 1185 285 1267 operis
321 1174 582 1266 supplementum
619 1183 717 1263 idque
755 1187 892 1248 maxime
929 1183 1082 1247 imbecilli
1115 1184 1243 1268 ingenii
1279 1187 1413 1255 fortasse

178 1287 285 1351 locum
318 1287 458 1351 obtinuit
493 1286 599 1368 operis
634 1287 814 1366 cuiusdam,
849 1308 912 1369 quo
941 1285 1164 1368 Apollodorus
1198 1288 1361 1357 lectorem
1385 1295 1414 1359 iu

180 1389 331 1472 syntaxin
359 1387 501 1466 induxit;
532 1387 678 1451 adducor
705 1391 747 1454 ad
775 1390 860 1453 hano
888 1389 1082 1453 sententiam
1109 1392 1294 1475 praecipue
1322 1396 1414 1463 intro

180 1492 331 1556 ductione
347 1493 453 1574 operis
469 1490 618 1568 Diodori,
642 1493 697 1571 qui
712 1492 822 1556 multis
838 1493 871 1555 in
887 1491 984 1554 rebus
1000 1491 1148 1555 imitatur
1160 1492 1414 1576 Apollodorum.

266 1594 376 1659 Novas
404 1593 520 1658 deinde
549 1593 746 1656 mutationes
773 1614 833 1657 nec
855 1615 959 1675 pauca
982 1595 1126 1677 pericula
1148 1596 1413 1685 chronographis

181 1696 382 1763 Graecorum
412 1702 547 1780 experta
575 1702 637 1774 est,
670 1717 744 1760 cum
771 1696 814 1760 ad
841 1696 1008 1761 Romanos
1035 1699 1200 1762 translata
1229 1701 1275 1764 ad
1307 1725 1413 1769 eorum

180 1805 348 1882 computos
370 1806 403 1863 11
424 1821 476 1864 111
498 1798 808 1863 accommodaretur.
846 1800 923 1863 Hac
944 1801 977 1863 in
1002 1800 1124 1883 epocha
1147 1803 1352 1870 exstiterunt
1371 1808 1414 1873 1111

178 1903 268 1982 libri,
297 1903 415 1985 quibus
441 1909 590 1985 tempora
612 1924 720 1966 rerum
742 1903 965 1966 Romanarum
987 1908 1020 1966 11
1043 1902 1250 1968 Graecarum
1272 1908 1363 1973 inter
1383 1930 1414 1975 se

180 2006 467 2088 comparabantur,
498 2005 628 2087 qualem
656 2006 725 2087 ipse
756 2006 886 2087 scripsit
910 2004 1036 2070 Gellius
1068 2003 1125 2090 (N.
1149 2007 1194 2069 A.
1218 2008 1337 2076 XVII
1361 2011 1413 2099 21)

181 2130 278 2190 quem
298 2108 428 2189 quidem
445 2107 621 2189 dinstingui
641 2107 710 2170 vult
734 2128 753 2170 a
775 2108 1112 2189 synchronismis
1136 2108 1355 2179 hominum
1376 2116 1412 2179 111

181 2217 360 2292 utraque
391 2217 517 2292 gente
545 2211 854 2274 excellentium
882 2211 971 2274 acri
1000 2217 1128 2291 atque
1159 2213 1326 2280 subtili
1353 2219 1412 2282 in·

182 2315 305 2394 genio
335 2315 594 2396 compositis.
641 2313 848 2377 Exstiterunt
870 2313 964 2376 multi
985 2314 1019 2375 in
1042 2313 1104 2376 hac
1125 2316 1253 2396 epocha
1278 2320 1413 2386 chrono

181 2416 308 2499 graphi,
330 2438 347 2480 1
370 2417 486 2498 quibus
508 2417 720 2499 plurimorum
743 2436 782 2478 ne
801 2414 986 2496 fragmenta
999 2416 1131 2496 quidem
1146 2417 1313 2486 habemus
1329 2423 1413 2488 velut

180 2519 331 2603 Dionysii
345 2520 646 2584 Halicarnassensis
662 2541 681 2582 a
697 2517 865 2583 Clemente
883 2518 1109 2582 Alexandrino
1137 2525 1249 2584 strom.
1266 2523 1288 2588 I
1304 2547 1336 2607 p.
1354 2528 1412 2590 320

182 2623 432 2686 commemorati.
467 2623 578 2686 Unum
601 2627 686 2685 essct
713 2643 752 2684 ex
774 2622 824 2684 his
847 2621 1047 2703 temporibus
1071 2644 1151 2703 opus
1175 2624 1332 2708 Diodori,
1355 2628 1414 2693 nisi

181 2723 323 2806 benigna
354 2725 516 2806 quaedam
548 2724 679 2788 fortuna
711 2724 803 2787 nobis
831 2730 992 2787 servasset
1019 2723 1164 2787 tabulam
1195 2748 1414 2796 marmoream

182 2847 267 2890 anno
293 2831 388 2909 15y16
409 2849 440 2909 p.
464 2825 541 2891 chr.
565 2849 596 2889 11.
618 2826 762 2904 incisam,
787 2848 870 2908 quae
893 2827 1006 2891 eodem
1029 2826 1123 2890 modo
1146 2833 1246 2909 atque
1268 2853 1413 2898 marmor

181 2929 316 2992 Parium
340 2930 464 3012 aliquot
486 2928 626 3010 epochas
642 2928 785 2991 continet
799 2928 846 2992 ita
862 2936 1075 3012 computatas,
1099 2935 1136 2993 ut
1151 2931 1310 3013 indicent,
1336 2941 1414 3019 quot

181 3033 259 3096 anni
280 3033 355 3096 inde
379 3054 398 3095 a
421 3054 550 3114 quoque
573 3032 659 3095 facto
682 3052 784 3113 usque
807 3031 850 3094 ad
871 3053 990 3096 annum
1014 3033 1154 3096 auctoris
1169 3039 1411 3117 praeterierint,

182 3156 278 3216 quarn
302 3135 404 3198 edidit
425 3136 562 3198 Henzen
585 3135 669 3198 Mus.
692 3135 841 3198 Rhenan.
866 3135 927 3198 vol.
949 3135 1006 3199 IX
1028 3158 1059 3217 p.
1086 3140 1146 3199 168
1169 3157 1240 3218 sqq.
1288 3139 1413 3205 Contra

181 3237 373 3300 Henzenum
389 3238 628 3300 existimantem
643 3237 814 3300 inservisse
826 3237 911 3301 hanc
922 3238 1069 3301 tabulam
1081 3238 1153 3301 usui
1165 3239 1412 3325 discipulorum,

181 3339 330 3420 equidem
352 3345 432 3421 puto
454 3340 537 3403 tales
560 3361 611 3404 res
634 3340 675 3403 ab
697 3339 783 3402 illius
807 3341 925 3403 aetatis
949 3341 1141 3404 educatione
1160 3342 1285 3406 alienas
1303 3344 1411 3427 fuisse,

181 3463 254 3505 cum
290 3443 482 3524 praesertim
519 3443 694 3506 nonnullae
728 3463 780 3505 res
814 3448 1042 3506 enumerentur
1076 3444 1205 3508 omnino
1241 3467 1261 3508 a
1294 3448 1412 3529 puerili

180 3550 290 3608 aetate
334 3544 545 3609 abhorrentes
588 3545 677 3608 velut
714 3550 838 3608 aetates
879 3545 1158 3627 philosophorum,
1198 3546 1410 3631 Thucydidis,

180 3647 419 3730 Aegyptiorum
444 3669 553 3730 regna.
600 3647 663 3711 Est
692 3647 821 3729 quidem
850 3647 944 3712 valde
974 3649 1101 3711 diversa
1130 3669 1150 3711 a
1177 3648 1293 3714 tabula
1329 3673 1412 3736 quae

180 3751 301 3815 dicitur
321 3751 424 3814 Iliaca
452 3771 590 3832 quacum
624 3749 835 3832 comparabat
858 3751 1025 3814 caelatura
1046 3750 1178 3814 tabulae
1200 3771 1337 3817 aversae
1358 3754 1412 3818 ad·

181 3853 297 3918 ductus
320 3855 505 3932 Henzenus
537 3874 607 3915 cum
631 3852 688 3915 illa
710 3853 811 3916 multo
834 3855 936 3935 magis
961 3855 1003 3917 ad
1025 3860 1166 3918 mentem
1191 3859 1223 3918 et
1244 3855 1412 3938 ingenium

179 3977 353 4038 puerorum
376 3955 620 4019 accommodata
643 3955 693 4018 sit.
730 3955 872 4019 Maxime
895 3977 970 4020 vero
991 3957 1232 4039 improbabitur
1247 3961 1413 4025 sententia

180 4058 338 4138 Henzeni,
363 4059 389 4122 si
412 4057 621 4140 contemplati
644 4057 771 4136 11111111,
796 4079 859 4140 quo
883 4059 978 4123 modo
1002 4060 1175 4123 cohaereat
1199 4080 1273 4124 cum
1296 4062 1413 4127 ceteris

181 4161 458 4244 chronographiis.
473 4198 508 4206 —
528 4161 680 4224 Alterum
702 4160 798 4223 huius
822 4162 964 4242 epochae
987 4167 1233 4226 monumentum
1257 4165 1411 4249 1111119-

179 4269 323 4326 mentum
346 4262 511 4345 Thrasylli
533 4263 692 4328 Mendesii
714 4263 801 4344 apud
825 4262 998 4328 011111.Α1.
1022 4288 1052 4347 p.
1077 4269 1138 4328 335
1168 4271 1347 4345 servatum,
1378 4272 1414 4332 ut

179 4365 345 4448 inscriptio
372 4366 521 4430 Henzeni
554 4365 727 4430 historicae
761 4366 1040 4450 chronographiae
1072 4367 1119 4430 ita
1152 4367 1214 4431 hoc
1247 4370 1412 4453 mythicae
