2902 4846
769 156 787 216 6

168 359 382 423 concedamus
411 359 589 422 rectissime
619 360 719 423 Pario
749 359 870 422 homini
900 360 1074 423 chronicon
1105 360 1261 442 attribui,
1295 369 1401 426 tamen

167 463 232 525 iam
270 484 308 525 ex
345 462 554 525 archontibus
587 468 618 524 et
651 462 783 543 regibus
823 461 1094 542 Atheniensibus,
1146 485 1229 546 quos
1265 465 1401 546 singulis

169 565 298 647 epochis
323 564 464 643 addidit,
488 565 697 646 intelligimus
717 566 896 648 principem
920 565 1040 628 1661616
1064 566 1152 647 apud
1175 567 1400 631 Athenienses

167 668 397 751 requirendum
420 688 499 730 esse.
539 666 688 750 Quonam
710 668 807 731 modo
831 673 945 749 putare
961 688 1132 750 possumus
1151 669 1320 733 hominem
1338 692 1401 734 non

167 771 402 835 Atheniensem
422 770 528 851 1611116,
554 792 636 852 quae
653 793 716 833 non
741 771 784 833 ad
799 771 948 834 Atticam
971 771 1181 852 pertinerent,
1205 764 1401 837 archontem

167 875 232 937 sive
266 895 375 955 regem
406 872 555 936 Atticum
585 872 805 957 addidisse?³)
859 873 976 936 Nonne
1009 872 1111 936 multo
1143 875 1247 956 magis
1283 882 1401 957 putare

168 976 330 1054 debemus,
352 981 517 1039 auctorem
532 976 595 1039 illis
612 976 776 1039 adnotatis
794 997 902 1039 rerum
918 982 1065 1058 tempora
1081 975 1124 1038 ad
1141 975 1400 1041 Atheniensium

166 1079 408 1160 chronologiam
429 1078 643 1157 transtulisse,
668 1079 787 1160 quippe
807 1079 920 1160 quain
937 1078 1083 1141 omnibus
1099 1079 1196 1142 rebus
1212 1100 1280 1153 non
1297 1081 1400 1144 solum

166 1183 304 1264 publicis
327 1181 383 1245 sed
407 1181 505 1245 etiam
528 1181 663 1263 privatis
687 1203 725 1244 ea
741 1187 848 1245 aetate
864 1182 1049 1245 utebantur.
1073 1219 1115 1226 -
1139 1179 1285 1247 Gravius
1304 1184 1400 1248 etiam

167 1289 215 1348 est
232 1305 283 1347 res
299 1284 431 1348 Atticas
447 1284 603 1366 imprimis
620 1283 735 1346 referri
751 1305 870 1367 easque
891 1284 1032 1367 quodam
1045 1284 1141 1348 modo
1154 1281 1398 1366 ἐπιδεικτικῶς,

166 1409 238 1451 cum
259 1387 325 1451 fere
348 1408 457 1451 omnes
482 1386 524 1450 ad
543 1386 793 1450 Atheniensium
815 1387 937 1467 laudes,
960 1387 1050 1450 nulla
1065 1387 1107 1450 ad
1123 1386 1400 1468 vituperationem

165 1491 337 1573 pertineat.
394 1491 448 1553 lta
484 1488 637 1552 diluvium
672 1488 828 1571 effugiens
863 1490 1044 1552 Deucalion
1079 1489 1142 1574 (ep.
1173 1489 1209 1575 4)
1245 1490 1399 1556 Athenas

165 1595 254 1657 venit
275 1593 386 1674 ibique
409 1593 479 1655 lovi
503 1592 630 1655 cuidam
654 1594 813 1656 servatori
835 1591 880 1677 (Ρ)
905 1613 995 1655 aram
1018 1593 1187 1655 exstruxit.
1224 1593 1310 1658 Fuit
1326 1617 1399 1659 vero

165 1696 306 1761 Athenis
328 1699 415 1781 σῆμα
430 1690 663 1773 Δευκαλίωνος,
688 1700 725 1757 ut
741 1694 861 1760 Strabo
885 1717 915 1776 p.
939 1698 1001 1757 425
1025 1694 1134 1774 refert,
1157 1717 1243 1776 quae
1264 1698 1399 1778 quidem

164 1821 215 1862 res
232 1798 327 1881 facile
343 1799 493 1862 Atticum
509 1799 699 1880 scriptorem
714 1798 883 1879 permovit,
904 1802 940 1859 ut
955 1796 1110 1859 diluvium
1127 1808 1399 1864 commemoraret

165 1908 198 1965 et
221 1901 261 1964 de
277 1901 478 1965 Deucalione
501 1901 634 1981 eiusque
657 1899 731 1962 filiis
756 1906 862 1982 6662
887 1905 953 1963 616
978 1899 1076 1965 verba
1097 1899 1229 1964 faceret.
1269 1901 1399 1967 Eodem

165 2003 259 2066 modo
296 2003 337 2066 ad
366 2003 516 2067 Athenas
551 2003 716 2086 pertinent
749 2023 797 2084 ep.
830 2008 868 2066 10
904 2002 943 2065 (16
977 2003 1220 2066 Ρ61161116116616
1254 2006 1397 2086 primum

165 2107 260 2185 actis,
293 2127 364 2187 epp.
390 2105 465 2169 inde
489 2127 508 2168 a
533 2109 571 2168 12
596 2105 763 2187 usquead
788 2111 825 2168 17
851 2105 891 2168 (16
913 2105 1138 2169 illustrissimis
1162 2105 1254 2168 166116
1280 2107 1397 2172 diebus

166 2210 432 2288 Atheniensium,
461 2229 510 2290 ep.
537 2212 575 2270 19
606 2208 645 2271 (16
668 2208 786 2270 Minois
814 2208 853 2271 (16
875 2207 1132 2271 Atheniensibus
1154 2207 1292 2285 iudicio,
1326 2232 1395 2294 epp.

166 2317 184 2374 3
213 2317 246 2374 et
273 2316 291 2373 5
329 2310 369 2373 de
395 2311 599 2374 institutione
629 2309 797 2391 Areopagi
833 2311 965 2392 eiusque
996 2311 1172 2373 clarissimo
1204 2310 1245 2374 de
1277 2311 1397 2376 Oreste

165 2414 295 2477 iudicio.
341 2413 491 2496 Longum
524 2420 573 2476 est
607 2413 714 2475 omnia
745 2411 807 2475 hoc
838 2413 908 2475 loco
940 2412 1076 2491 1616116,
1109 2412 1150 2474 ad
1174 2411 1324 2477 Atticam
1360 2437 1397 2478 ea

165 2538 294 2599 quoque
317 2523 475 2598 spectant,
501 2538 584 2599 qnae
609 2514 648 2578 de
672 2513 805 2578 condita
828 2515 992 2580 Salamine
1018 2514 1138 2598 Cypria
1161 2536 1210 2597 ep.
1235 2520 1276 2578 26
1302 2525 1337 2581 61
1360 2518 1398 2581 (16

165 2641 389 2683 mensurarum
432 2639 663 2698 nummumque
700 2618 884 2681 inventione
924 2640 973 2699 ep.
1013 2623 1053 2679 311
1089 2623 1278 2698 narrantur,
1326 2641 1399 2684 cum

165 2723 300 2786 historia
334 2721 544 2806 Salaminis4)
584 2725 615 2783 et
638 2720 786 2802 Aeginae
819 2742 891 2783 cum
926 2722 1040 2783 Attica
1072 2720 1233 2783 artissimo
1267 2723 1398 2787 vinculo

165 2825 338 2888 coniuncta
361 2825 411 2887 sit.
454 2823 581 2887 Deinde
606 2809 748 2904 epochae
772 2845 855 2905 quae
880 2823 919 2886 (16
942 2823 1046 2905 poetis
1070 2829 1172 2904 agunt
1196 2822 1264 2887 fere
1286 2846 1397 2890 omnes

164 2928 206 2990 ad
243 2927 410 3007 Athenae,
457 2927 576 2990 artium
607 2925 841 3008 literarumque
873 2926 1088 3003 domicilium,
1123 2927 1299 3007 pertinent.
1346 2929 1397 2992 De

166 3030 351 3094 comoediae
382 3031 567 3095 inventione
598 3029 632 3092 111
662 3030 777 3093 Α11166
806 3029 894 3093 16616
926 3035 958 3093 61
982 3027 1149 3093 Susarioni
1184 3030 1397 3094 attribuenda

166 3131 294 3195 disertis
311 3133 415 3196 verbis
429 3140 580 3196 narratur
604 3154 652 3214 ep.
667 3137 706 3195 39
721 3139 818 3214 atquc
832 3132 994 3195 addicitur
1005 3131 1161 3196 Susarion
1174 3132 1397 3198 lcariensibus

165 3258 249 3318 pago
283 3237 414 3314 Attice,
448 3257 530 3317 quae
563 3235 670 3298 omnia
701 3241 848 3317 pugnant
874 3257 947 3298 cum
979 3233 1169 3298 Aristotelis
1209 3237 1397 3301 testimonio

164 3346 249 3422 poet.
273 3361 299 3403 6.
327 3344 381 3418 12,
414 3339 591 3401 Dorienses
622 3359 661 3400 ex
688 3338 883 3420 etymologia
912 3337 1060 3401 vocabuli
1087 3337 1148 3400 sibi
1176 3337 1398 3402 inventionem

166 3441 347 3505 comoediae
380 3440 553 3503 vindicare.
600 3439 777 3503 Multitudo
806 3441 921 3504 deinde
950 3440 1152 3523 poeticarum
1185 3440 1399 3506 victoriarum

166 3565 205 3606 ex
227 3543 289 3606 alio
312 3543 402 3606 fonte
426 3544 487 3605 nisi
510 3565 549 3606 ex
565 3543 678 3606 Attico
695 3543 820 3606 hauriri
837 3565 900 3606 non
918 3543 1034 3625 potuit,
1060 3563 1131 3605 cunr
1148 3542 1235 3604 solae
1253 3541 1397 3609 Athenis

165 3651 352 3727 reportatae
376 3647 531 3709 victoriae
555 3651 793 3725 enumerentur,
818 3647 889 3709 aliis
912 3646 991 3708 locis
1014 3650 1222 3727 comparatae
1239 3666 1280 3708 ne
1299 3648 1398 3711 attin·

165 3755 285 3830 gantur
321 3750 460 3830 quidem.
523 3748 695 3831 Singulare
735 3747 899 3831 quoddam
937 3748 1165 3810 documentum
1203 3748 1398 3830 scriptorem

165 3851 313 3914 Atticum
343 3852 441 3916 fuisse
471 3852 613 3914 cernitur
640 3852 674 3914 in
703 3852 742 3914 iis
767 3871 851 3934 quae
873 3851 913 3913 de
936 3872 1046 3931 pugna
1069 3851 1255 3914 Plataeensi
1281 3873 1331 3934 ep.
1358 3859 1398 3917 52

165 3953 358 4018 referuntur.
406 3954 479 4038 Qua
502 3956 535 4017 in
559 3954 683 4036 epocha
707 3953 835 4017 disertis
857 3953 964 4017 verbis
987 3954 1121 4016 victoria
1143 3953 1200 4016 illa
1223 3954 1399 4034 praeclara

165 4111 367 4119 ——..——..-

253 4207 274 4276 3)
294 4209 329 4264 of.
350 4226 412 4277 epp.
431 4210 473 4273 31,
492 4211 533 4274 53,
552 4209 593 4271 55,
612 4208 654 4273 58,
673 4209 714 4273 ol,
733 4209 775 4272 72,
795 4211 836 4272 74,
855 4209 896 4260 75.

252 4295 274 4363 ⁴)
292 4296 425 4349 Fortasse
445 4295 559 4358 Teucer,
584 4311 646 4346 oum
669 4293 703 4345 de
728 4293 787 4345 eius
811 4293 954 4346 domicilio
978 4294 1048 4345 nihil
1068 4293 1175 4345 (lictum
1194 4293 1243 4356 sit,
1270 4294 1395 4348 ctiama

164 4379 314 4435 Marmoris
333 4384 447 4436 auctore
462 4380 559 4433 Attico
573 4395 647 4447 pago
665 4379 858 4443 addicebatnr,
879 4379 912 4431 61.
927 4378 1019 4432 Strab.
1033 4398 1058 4447 p.
1073 4382 1125 4431 604
1137 4384 1165 4431 61
1178 4378 1305 4432 Phanod.
1321 4381 1357 4434 fr.
1370 4384 1395 4434 8.

1436 40 1441 185 1
