2902 4846
709 162 750 220 39

135 350 138 355 ’
167 358 220 445 ἔχον
237 363 359 431 σύνοδον
389 366 589 429 σοοεοτῶσαι·
611 359 646 442 ἕξ
663 356 786 447 ἀνδρῶν
806 358 935 445 μορίων.
983 364 1101 427 l'ostca
1125 365 1212 446 quod
1235 388 1345 430 rosera

133 474 141 489 “
165 469 226 534 cdo
250 468 372 533 concilii
400 465 611 551 Megalopolis
648 466 710 530 fuit
751 466 888 529 tbrtasse
928 466 1002 529 inde
1033 488 1071 530 ea.
1100 468 1244 530 confusio
1275 476 1346 533 orta

163 576 188 635 ct
201 578 317 655 utraque
337 591 392 635 res
413 568 515 635 eidem
531 590 617 633 anuo
632 569 877 634 attribueretur.
917 569 1018 652 Apud
1034 570 1138 653 ipsum
1156 572 1346 653 scriptorem

158 671 213 754 XV,
236 679 270 738 72
301 694 388 738 anno
415 671 610 754 Nausigeuis
644 670 836 755 adsignatur
870 672 1084 756 Megalopolis
1112 674 1190 743 urbs
1217 676 1347 739 erurdita

156 777 220 841 cuius
247 778 328 843 cives
356 797 397 841 ex
427 774 648 858 quadraginta
670 774 749 838 vicis
778 775 986 857 colliguntur.
1038 776 1110 840 Has
1139 777 1238 857 igitur
1265 778 1346 841 diua

90 864 100 953 :¹
152 898 190 943 res
209 880 290 946 facile
317 879 390 944 fieri
417 879 526 962 potuit
552 885 589 942 ut
621 878 818 960 posteriores
850 878 937 960 apud
968 900 1049 960 quos
1078 879 1117 942 de
1151 880 1346 962 Megalopoli

90 976 92 983 ’
148 1000 277 1065 nusquam
306 982 428 1047 dicitur
457 981 519 1047 uisi
548 987 800 1045 commemorato
830 982 886 1044 illo
918 983 1052 1044 concilio
1092 983 1178 1045 inter
1208 1004 1241 1045 sc
1273 1006 1346 1046 eon·

150 1080 300 1150 funderent.
322 1123 366 1131 —
391 1084 505 1167 Atque
528 1083 713 1149 Pausaniae
740 1083 847 1147 locum
874 1085 900 1146 si
929 1092 1057 1166 spectas
1081 1109 1144 1148 non
1168 1087 1236 1149 sine
1257 1086 1347 1149 dubi-

148 1187 241 1253 tatione
262 1208 346 1271 quae
368 1185 470 1251 refert
492 1187 640 1270 accipies.
682 1185 788 1250 Multa
812 1188 894 1250 enirn
923 1188 1001 1250 mibi
1029 1189 1192 1252 continere
1219 1188 1347 1251 ridetur

148 1310 210 1371 quae
227 1290 444 1375 corruptelam
466 1289 619 1353 indicent.
659 1288 796 1370 Legitur
811 1290 913 1371 igitur
931 1290 1029 1356 VIII.
1048 1296 1097 1369 97,
1115 1296 1134 1353 8
1157 1287 1347 1378 §rapaces

146 1388 174 1454 δὲ
194 1389 209 1481 ἦ
233 1392 368 1480 Μεγάλη
400 1388 498 1471 πόλις
530 1388 666 1477 ἐνοαοῑῴ
707 1415 738 1455 ce
772 1395 818 1478 rigi
850 1387 937 1478 αι’·ἰῴ
969 1391 1023 1456 καὶ
1055 1392 1131 1479 ,topi
1165 1416 1198 1456 ce
1228 1388 1347 1478 ὀλίγοις

144 1490 245 1581 ὕστερον
274 1492 293 1585 ἢ
320 1494 358 1562 τὸ
390 1499 542 1577 πταῖσμα
575 1491 699 1578 ἐγένετο
728 1492 1002 1576 Αακεδαομοιοόοο
1033 1493 1070 1560 cb
1095 1494 1128 1558 ἓν
1156 1495 1346 1584 storeaque,

150 1596 352 1681 emorroides
378 1596 437 1682 μὲν
468 1593 645 1684 Ἀθήνῃσιν
669 1592 827 1681 ἄρχοντος,
851 1596 986 1684 δειοέρῳ
1010 1597 1044 1662 δὲ
1068 1595 1129 1663 ἕλει
1160 1603 1216 1686 τῆς
1238 1595 1346 1664 iaaac·

144 1702 201 1787 ΰϊῆς
223 1698 425 1786 ὀλυμπιάδος
449 1696 506 1766 καί
528 1698 686 1784 δευτέρας,
716 1693 752 1787 ἣν
781 1699 899 1783 reboo
926 1700 1063 1787 Θούριος
1086 1698 1176 1765 ἐνίκα
1203 1699 1345 1768 στάδιον.

144 1798 228 1870 Primo
265 1812 400 1890 aspectu
423 1803 558 1868 offendit
586 1803 675 1887 quod
704 1804 780 1867 illae
810 1804 1014 1868 definitiones
1043 1812 1224 1887 temporum
1250 1806 1345 1889 plane

145 1910 299 1974 contrariae
320 1907 490 1992 particulis
513 1929 548 1971 rc
573 1946 607 1953 ·-
636 1903 691 1970 καὶ
716 1908 957 1989 coniunguntur
980 1907 1029 1990 (rc
1053 1908 1140 1990 quod
1164 1909 1256 1972 codd.
1274 1916 1348 1991 post

143 2005 202 2091 μησί
218 2012 372 2094 praebent
394 2009 532 2092 intelligi
554 2032 618 2073 non
642 2010 773 2094 potest).
812 2009 894 2072 Mihi
919 2009 1049 2092 quidem
1066 2012 1247 2075 Pausanias
1271 2013 1347 2076 anni

144 2114 258 2188 spatium
284 2135 528 2198 paucorumque
567 2113 725 2176 mensium
763 2112 961 2194 significasse
997 2114 1139 2194 ridetur,
1175 2115 1208 2178 in
1242 2115 1346 2179 verbis

142 2228 200 2278 vero
222 2214 355 2304 ἐνιαυτῷ
382 2240 417 2281 τε
445 2219 492 2303 τῷ
520 2210 608 2301 αὐτῷ
637 2215 863 2297 dittographia-
887 2216 1054 2281 contineri.
1101 2217 1198 2301 Quod
1219 2218 1347 2283 obicere

142 2319 213 2389 potes
233 2321 368 2385 eundern
393 2342 432 2384 ec
456 2340 584 2403 pugnae
608 2319 801 2382 Leuctricae
824 2341 943 2382 annum
968 2322 1116 2403 cognosci
1141 2343 1179 2384 ex
1202 2328 1346 2403 tompore

141 2410 248 2487 definito
285 2418 521 2509 Φρασικλείδου
558 2421 626 2485 κτλ.
659 2422 720 2486 hoc
751 2423 881 2503 quidem
913 2423 1007 2486 facile
1039 2423 1080 2486 ab
1112 2425 1347 2507 interpolatore

139 2516 200 2585 addi
228 2528 333 2609 potuit
367 2525 410 2590 ad
443 2525 652 2589 Leuctricam
697 2546 840 2606 pugnarn
883 2547 982 2606 quam
1016 2526 1227 2590 Pbrasiclidis
1261 2549 1345 2591 anno

137 2635 227 2693 Omnes
257 2629 497 2707 attribuerunt,
532 2633 703 2710 praeterea
735 2626 847 2690 eadem
877 2630 1031 2710 temporis
1061 2628 1204 2693 definitio
1234 2631 1346 2694 addito

136 2722 219 2797 etiam
245 2731 471 2816 Olympionica
497 2732 660 2794 invenitur
690 2730 778 2812 apud
808 2731 914 2813 ipsum
942 2732 1142 2817 Fausaniam
1165 2733 1231 2811 VI,
1256 2739 1290 2812 5,
1316 2739 1346 2796 3.

134 2816 264 2901 Quodsi
287 2857 371 2919 quae
395 2835 517 2900 conicio
540 2856 616 2898 vera
649 2839 724 2897 suut
758 2855 842 2897 anno
873 2832 1043 2918 Dysniceti
1067 2835 1276 2900 attribuenda
1299 2843 1348 2900 est

132 2917 333 3022 Megalopolis
349 2939 480 3003 condita
496 2959 601 3019 neque
617 2938 678 3000 boc
694 2936 848 3001 abhorret
865 2960 884 3001 a
900 2937 1132 3018 Xenophontis
1148 2939 1345 3017 narratione,

130 3030 179 3102 lui
202 3039 284 3106 Hell.
311 3040 375 3122 VI,
400 3046 429 3120 5,
454 3045 472 3104 3
500 3042 586 3105 iuter
613 3063 664 3106 res
687 3046 795 3122 gestas
820 3041 895 3103 anni
919 3043 1034 3123 arulae
1057 3039 1170 3103 refert:
1197 3037 1233 3118 ἐξ
1248 3027 1293 3103 ὧν
1308 3040 1347 3128 δὴ

128 3127 174 3192 καὶ
206 3137 233 3205 oi
254 3140 432 3222 Μαντινεῖξ
459 3139 502 3222 (ὃς
529 3138 588 3232 ἤδη
621 3137 794 3224 αὐτόνομοι
824 3140 1039 3206 παντάπασιν
1072 3135 1158 3220 dacer
1188 3143 1348 3229 σοοῇλδοο

125 3245 152 3289 τε
183 3243 300 3326 πάντες
330 3246 387 3312 καὶ
411 3238 615 3334 ἕψηφίοααοο
638 3244 715 3329 μίαν
738 3244 836 3312 πόλιν
858 3244 914 3333 rip’
936 3241 1138 3310 Illorc‘iuerur
1162 3249 1269 3310 ποιεῖν
1292 3244 1347 3310 καὶ

124 3340 260 3425 ‘tadeo
291 3349 349 3439 rip-v
383 3345 491 3416 πόλιν.
548 3350 661 3432 Atque
692 3350 772 3414 haec
805 3351 936 3433 quidem
968 3372 1019 3414 res
1050 3351 1116 3414 iam
1147 3351 1178 3413 in
1211 3350 1346 3413 concilio

119 3445 305 3546 lfl'petrata
334 3454 434 3519 efficit
462 3460 499 3518 ut
527 3454 779 3518 Lacedaemonii
800 3452 987 3517 auctoribus
1011 3452 1162 3535 Tegeatis
1191 3453 1346 3515 auxilium

117 3544 248 3622 mittant
270 3563 384 3623 contra
400 3556 622 3622 Mantiuenses
645 3556 665 3619 l.
684 3578 710 3620 ο.
734 3557 827 3644 §103
850 3562 964 3619 contra
985 3556 1073 3638 aqirrd
1089 3556 1272 3619 Diodorum
1295 3577 1346 3618 res

113 3649 191 3710 ⁰⁰¹³
212 3667 366 3744 ageretur
389 3659 581 3725 seditionem
597 3661 754 3724 excitasse
771 3659 898 3738 dieitur,
923 3664 991 3721 tum
1007 3659 1137 3722 demum
1153 3658 1346 3739 Agesilaum

106 3729 286 3828 Areadum
301 3763 382 3827 fines
404 3764 585 3846 ingressum
602 3785 656 3828 eos
677 3785 795 3846 magna
811 3760 903 3824 clade
920 3761 1074 3842 affecisse,
1092 3784 1157 3843 qua
1175 3761 1346 3824 exterritos

101 3830 266 3931 Arcades
290 3865 379 3950 quod
402 3872 615 3949 proposuerat
631 3864 831 3949 Lycomedes
848 3863 1007 3946 Tegeates
1031 3865 1072 3948 (e.
1090 3865 1145 3949 59)
1175 3864 1346 3946 perfecisse

95 3937 295 4054 ''l'bemque
318 3992 357 4034 ex
380 3967 601 4052 quadraginta
620 3969 698 4032 vicis
715 3967 882 4031 collectam
910 3967 1101 4032 condidisse.
1140 3967 1346 4048 Comparatis

90 4048 192 4192 {¹¹³8
237 4073 271 4136 hi
309 4072 484 4155 scriptores
529 4071 674 4136 referunt
715 4070 925 4153 intelligimus
959 4070 1000 4133 ab
1033 4092 1098 4133 una
1131 4076 1224 4152 parte
1259 4076 1346 4134 stare

90 4160 386 4286 reuomentem
432 4176 631 4239 Pausaniam
669 4173 920 4260 (emendatum),
966 4173 1117 4252 Parium,
1156 4172 1197 4236 ab
1243 4173 1347 4235 altera

90 4256 310 4346 .¹0dorum.
348 4277 581 4360 Discrepautia
603 4299 678 4341 vero
700 4277 779 4340 mihi
802 4298 866 4341 uon
890 4297 928 4339 ea
951 4275 1165 4357 videturque
1192 4298 1347 4357 cogamur

90 4383 93 4388 ’
127 4371 368 4445 Qrumutrum
395 4379 492 4463 plane
521 4378 711 4463 repudiare,
743 4401 816 4443 cum
842 4379 1015 4444 verisimile
1045 4377 1087 4441 sit
1110 4376 1182 4441 illos
1206 4378 1346 4462 primum
