2902 4846
74 364 242 457 ἀργυροῦν
285 368 319 434 έν
355 365 478 456 Αἰγίνν
522 365 699 456 ἕποίνοενὲ
725 367 780 432 καὶ
824 365 973 449 οτάθμια
1019 371 1148 454 πρῶτος
1185 366 1314 454 ἐφεῦρεν

76 472 256 550 ἑνδέκατος
300 468 345 536 dv
386 468 443 559 ἀφ
476 427 701 583 ΗρακλέονςΙ
726 471 794 535 κτλ.

77 576 151 640 κτλ.
699 592 702 657 ζ

171 680 294 760 Magna
322 685 371 743 est
404 678 666 760 discrepantiat
668 679 806 761 emporis
835 677 996 753 adnotati,
1025 681 1061 739 ut
1088 679 1248 741 assentiar
1270 678 1313 742 A.

80 783 121 848 de
141 782 338 849 Gutschmid
362 803 485 845 errasse
502 781 665 844 Parium
657 803 689 843 m
705 781 806 844 adnot
809 780 925 843 andot
911 784 1067 861 tempore,
1092 779 1313 844 scribendum·

80 908 146 969 que
179 905 250 948 esse
277 906 336 967 pro
364 883 595 988 ΙΗΗΔΔΜῑ
626 881 841 985 'HJJJI.2⁷)
892 884 966 946 Hoc
993 883 1088 946 modo
1116 884 1213 966 plane
1241 907 1314 950 con·

80 989 172 1053 venit
196 1011 268 1052 cum
285 988 427 1053 Eusebio
451 1008 555 1068 neque
580 988 693 1050 vitium
715 993 789 1051 auct
792 989 840 1050 ori
856 986 913 1050 sed
928 987 1117 1068 lapidariot
1104 988 1314 1054 tribuendum

80 1113 158 1155 cum
193 1112 330 1172 sequens
365 1089 488 1173 epocha
520 1091 670 1154 emendat
656 1096 723 1154 tam
755 1091 951 1172 scripturam
983 1112 1047 1154 nou
1079 1091 1216 1156 refellat.
1272 1093 1313 1156 cf.

80 1194 230 1257 Plinium
257 1194 287 1257 h.
312 1217 342 1257 n.
366 1194 437 1259 VII
468 1197 528 1255 198
557 1193 614 1256 uhi
641 1194 780 1257 refertur
807 1193 968 1256 sententia
997 1190 1061 1257 Gn.
1092 1193 1191 1258 Gellii
1218 1196 1314 1277 plane

81 1297 274 1379 discrepans
309 1319 329 1359 a
361 1297 475 1360 ceteris
505 1295 716 1360 Palamedem
753 1316 821 1358 esse
848 1316 1073 1359 mensurarum
1102 1298 1313 1378 inventorem,

80 1421 223 1482 quocum
250 1421 402 1482 compara
425 1397 603 1462 Eusebium
630 1398 651 1460 l.
676 1420 719 1460 c.:
751 1387 831 1484 ἦσαν
865 1394 899 1459 δέ
934 1395 988 1460 καὶ
1024 1395 1088 1484 πρὸ
1122 1397 1248 1463 τούτου.
1273 1439 1315 1446 -

83 1503 285 1567 Accuratius
315 1504 413 1566 etiam
436 1502 553 1565 Parius
576 1500 759 1564 Phidouem
788 1499 901 1564 definit
928 1500 1041 1565 addito
1070 1500 1238 1580 ἑνδέκατος
1272 1497 1316 1566 ὢν

80 1600 142 1692 ἀφ’
164 1600 370 1690 Ἡρακλέους,
395 1605 556 1668 consentit
577 1604 611 1666 iu
634 1604 696 1666 hac
718 1623 752 1665 re
776 1624 847 1665 cum
870 1603 999 1685 Porphy
996 1605 1054 1666 vrio
1077 1605 1130 1688 (fr.
1158 1611 1172 1668 l
1197 1607 1241 1670 M.
1258 1605 1315 1670 III

83 1731 114 1792 p.
135 1709 223 1793 680).
268 1704 417 1789 Καρανὸς
450 1701 627 1791 ὁἈργεῖος
661 1698 850 1790 ἆδελφὸς“
823 1729 867 1767 ων
893 1701 1087 1783 Φείδωνος
1076 1705 1146 1783 subg
1168 1711 1233 1771 τῶν
1256 1702 1313 1795 ἀφ

78 1807 278 1895 Ἡρακλέους
311 1806 517 1893 καταγόντων
549 1806 586 1873 τὸ
621 1806 709 1892 γένος
742 1806 798 1871 καὶ
831 1811 888 1894 τῆς
898 1803 1050 1930 Ἀργείας
1077 1806 1314 1891 βασιλενοντος·

84 1936 180 1990 ουτος
213 1908 405 1997 ὁΚαρανὸς
438 1906 507 1976 ἀπὸ
529 1909 587 1993 μέν
609 1907 804 1996 Ηρακλέοος
825 1910 870 1975 ια’
893 1936 930 1998 νν
952 1912 1020 1974 κτλ
1065 1911 1162 1975 Aliae
1186 1920 1316 1978 exstant

81 2017 267 2081 sententiae
284 2016 410 2098 Ephori
432 2015 575 2098 apudt
537 2014 575 2080 st
577 2015 731 2079 rabonem
753 2037 779 2078 c.
796 2020 858 2078 358
875 2015 1031 2078 decimum
1048 2037 1116 2080 esse
1132 2015 1315 2080 Phidonem

81 2141 101 2184 a
138 2119 297 2198 Pomone,
337 2119 542 2200 Theopompi
579 2118 715 2181 aliorum
753 2118 840 2200 apud
875 2118 1057 2181 Diodorum
1088 2117 1160 2185 VII
1194 2119 1232 2182 fr.
1265 2123 1313 2182 15.

82 2221 260 2304 Porphyrii
282 2222 404 2304 scripta
426 2242 498 2284 cum
520 2224 648 2302 saepius
670 2221 704 2284 in
719 2243 812 2284 usum
829 2227 977 2284 vocasset
992 2221 1153 2285 Eusebius
1177 2222 1315 2286 fortasse
1354 2266 1356 2271 .

82 2324 167 2388 haec
190 2343 319 2406 quoque
341 2324 417 2388 inde
440 2325 557 2387 hausit.
596 2323 740 2388 Praebet
762 2323 830 2387 fere
854 2323 966 2387 eadem
991 2346 1029 2387 ac
1048 2347 1189 2389 marmor
1204 2325 1313 2408 Etym.

80 2427 128 2491 M.
153 2448 178 2489 s.
201 2448 230 2489 v.
276 2421 435 2509 Εὐβοικὸν
469 2424 627 2508 νόμισμα,
656 2428 712 2490 ubi
734 2427 916 2490 Phidonem
946 2427 978 2489 in
1003 2426 1137 2490 Euboea
1165 2451 1313 2493 nummos

84 2529 214 2596 cudissc
237 2529 363 2608 dicitur,
388 2536 420 2593 et
443 2552 466 2593 s
490 2554 519 2592 v.
542 2523 720 2612 ὀβελιόκος,
744 2530 801 2592 ubi
824 2530 944 2593 rectius
967 2528 1115 2610 Aeginae
1138 2531 1218 2594 illud
1242 2553 1314 2595 eum

81 2633 201 2698 fecisse
222 2638 384 2697 narratur.
431 2634 610 2698 Praeterea
639 2633 678 2696 cf.
701 2633 742 2696 ad
766 2633 852 2695 hanc
879 2631 1035 2713 epocha-m
1058 2631 1143 2695 Pliu.
1170 2631 1249 2711 VH,
1274 2639 1313 2697 57

81 2741 115 2800 et
139 2735 263 2799 Polluc.
288 2756 392 2799 onom.
417 2736 483 2816 IX,
509 2742 549 2800 83
574 2743 605 2800 et
628 2737 674 2815 Χ,
698 2740 768 2798 179.

170 2838 233 2920 Ep.
258 2843 308 2901 31.
355 2838 537 2920 Syracusae
567 2839 608 2903 ab
630 2838 773 2917 Archia,
807 2837 931 2902 decimo
955 2859 974 2901 a
998 2838 1140 2902 Temeno
1164 2836 1313 2902 conditae

80 2947 260 3005 narrantur
290 2941 331 3005 ab
366 2941 508 3005 Eusebio
540 2964 571 3024 p.
603 2946 643 3004 82
674 2941 732 3005 Hi.
787 2941 850 3004 Est
881 2941 979 3004 ctiam
1011 2941 1099 3024 apud
1129 2940 1313 3004 Diodorum

81 3042 211 3124 aliquid
234 3043 273 3107 de
296 3044 358 3108 hac
380 3066 415 3107 re
437 3045 595 3124 relictum,
621 3066 693 3107 cum
716 3044 771 3108 lib.
785 3042 877 3109 VIII
892 3043 930 3106 fr.
948 3047 967 3105 8
984 3064 1082 3106 causa
1099 3065 1156 3106 cur
1171 3043 1313 3108 Archias

79 3145 234 3211 conditor
268 3145 503 3230 Syracusarum
539 3147 647 3229 patria
681 3148 828 3227 cesserit,
867 3150 1027 3210 narretur.
1083 3145 1135 3209 De
1167 3151 1313 3228 tempore

79 3248 168 3312 infra
195 3269 265 3331 cap.
289 3249 347 3312 III
369 3248 557 3313 videbimus
604 3249 643 3312 cf.
667 3249 709 3314 ad
732 3250 816 3314 hanc
839 3249 996 3332 epocham
1019 3248 1128 3314 Strab.
1153 3253 1226 3327 380,
1250 3254 1312 3312 262

38 3391 43 3400 ·
79 3352 137 3437 (ex
159 3350 327 3416 Antiocho
351 3350 587 3436 Syracusano);
616 3351 752 3417 Suidam
784 3375 806 3418 s.
829 3375 857 3416 v.
884 3347 1012 3437 Ἀρχίας
1042 3358 1074 3416 et
1097 3351 1209 3434 Steph.
1235 3352 1313 3434 Byr.

79 3476 104 3519 s.
129 3476 159 3518 u.
182 3456 399 3540 Συρακοῧοαις
423 3454 521 3518 Paua.
539 3453 580 3533 V,
607 3460 635 3533 7,
660 3459 688 3516 3.

169 3554 385 3622 Concluditur
421 3556 483 3620 hac
518 3556 641 3638 epocha
676 3556 819 3638 mythice
850 3577 948 3638 quam
977 3554 1082 3618 dicere
1109 3557 1189 3619 mihi
1217 3557 1314 3621 liceat

77 3680 167 3743 pars.
225 3659 423 3741 Priusquam
450 3659 489 3723 (le
519 3658 665 3722 fontibus
694 3658 851 3722 disseram
879 3680 979 3721 unum
1007 3660 1193 3723 memorabo
1225 3659 1313 3740 quod

79 3783 166 3845 quae
196 3761 399 3826 necessitudo
428 3761 562 3824 Parium
590 3761 675 3824 inter
703 3767 736 3825 et
765 3761 945 3824 Eusebium
973 3761 1154 3825 intercedat
1180 3763 1313 3844 planum

77 3863 210 3930 reddat.
255 3865 337 3928 Post
365 3869 503 3927 mortem
532 3862 633 3927 Codri
662 3862 826 3927 desierunt
848 3863 1067 3926 Athenienses
1096 3864 1226 3945 regibus
1253 3867 1311 3945 uti,

75 3968 111 4032 in
144 3988 258 4032 eorum
288 3967 395 4030 locum
428 3987 610 4030 successere
642 3966 806 4048 principes
838 3967 988 4048 perpetui
1017 3966 1121 4029 solent
1107 3971 1184 4047 tque
1214 3968 1313 4049 igitur

75 4071 255 4154 scriptores
287 4069 327 4133 de
358 4069 409 4133 his
440 4067 640 4152 principibus
673 4062 878 4134 vocabulo
865 4090 970 4153 αρχειν
1001 4069 1058 4131 uti.
1112 4067 1208 4150 Quod
1239 4091 1311 4134 cum

72 4171 246 4239 Eusebius
261 4193 291 4254 p
310 4176 350 4234 80
367 4172 447 4236 de.
465 4171 566 4236 disert
552 4176 584 4235 te
601 4192 642 4234 ua
632 4177 759 4251 r‚trrot
761 4192 855 4236 amen
871 4171 962 4254 pergi
964 4170 1135 4252 treliquos
1151 4173 1312 4254 principes

71 4310 284 4324 ...-..-----

166 4392 203 4460 ’7)
223 4391 268 4444 die
286 4394 505 4448 mahcdouische
524 4394 684 4462 anagraphe
703 4393 829 4445 adnotat.
849 4393 889 4443 42.
