2902 4846
700 161 740 221 32

36 373 39 378 “
109 361 247 424 victoria
276 358 448 425 dicendum
477 361 546 426 erit.
589 363 669 427 Mihi
693 364 824 445 quidem
845 361 1018 427 verisimile
1042 371 1091 427 est
1114 363 1215 427 etiam
1238 363 1291 428 hui

109 465 156 527 rei
184 464 272 546 apud
299 464 479 528 Eusebium
508 467 702 529 mentionem
736 465 806 529 fieri
832 466 887 529 ubi
919 464 961 528 ad
990 466 1032 529 ol.
1058 471 1107 545 70,
1131 468 1153 528 4
1181 473 1213 530 et
1241 472 1290 544 76,

108 565 249 630 refertur
279 561 446 646 Αἰσχύλος
478 566 720 653 τραγῳδοποιὸς
753 564 943 652 ἐχνιορίζενο.
1002 567 1079 631 Non
1115 568 1291 633 dubitandt

110 674 199 750 puto,
224 670 302 751 quin
325 670 381 733 illa
405 671 535 733 notione
559 668 769 754 γνωρίζεσθαι
798 669 901 754 (apud
925 672 1161 753 Hieronymum
1184 671 1291 734 claru

110 772 266 852 haberi,
290 773 471 854 agnosci,
495 774 703 858 cognosci)
727 780 898 855 poetarum
921 774 1074 838 victoriae
1098 774 1291 856 significentr

109 875 223 956 Atque
259 874 423 956 quodnam
456 883 584 957 tempus
617 883 733 957 poetae
767 875 885 939 clarius
921 878 1109 959 putabimus
1138 899 1236 958 quam
1268 899 1291 958 q

110 977 276 1040 victoriam
300 979 490 1059 reportavit.
537 977 622 1042 Cum
654 1001 729 1042 vero
758 979 813 1042 alii
841 970 1014 1062 scriptores
1042 974 1188 1066 ἤκμαζεν,
1219 976 1291 1062 χέχο

109 1079 228 1143 Parius
251 1076 354 1166 ἐφάνη
377 1089 547 1162 usurpent,
572 1081 735 1145 Eusebius
759 1083 815 1145 iila
837 1084 948 1164 potius
968 1083 1132 1146 locutione
1155 1083 1265 1145 utitur.

152 1217 215 1299 Ep.
238 1221 288 1280 51.
328 1213 402 1303 'Aa’
428 1207 463 1280 οἷ·
489 1216 607 1305 Ξέρξης
638 1218 721 1307 thr}
790 1221 892 1284 Henz.
916 1222 1012 1284 inser.
1036 1242 1086 1302 ep.
1112 1226 1140 1282 9.
1189 1215 1261 1304 Ἀφ’

109 1317 238 1401 σχεδίαν
271 1314 392 1399 ἔζευξεν
415 1317 447 1382 ἕν
469 1316 695 1408 Ἑλλησπόντῳ
719 1318 721 1375 i
747 1319 866 1408 Ξέρξης
889 1320 973 1386 κατὰ
988 1317 1127 1405 ’Ἄβυδον
1150 1321 1257 1401 ζεύξας
1276 1346 1291 1384 ν

109 1421 246 1487 καὶτὸν
273 1417 367 1486 Ἄθω
388 1420 521 1507 διώρυξε
544 1422 598 1488 καὶ
622 1421 641 1510 ἡ
664 1422 697 1488 ἐν
720 1496 723 1528 Ι
746 1421 981 1512 Ἑλλήσποντον
1022 1422 1112 1511 διέβη
1147 1423 1203 1488 καὶ
1239 1428 1291 1505 &ey

114 1524 372 1613 Θερμο[νεε”]λαις
393 1525 478 1612 μάχη
501 1524 694 1610 ἐγένετοκαὶ
720 1531 722 1559 ⁵
747 1528 883 1613 συοκλῇς
915 1524 1074 1613 ναυμαχίᾳ
1108 1526 1184 1603 τοὺς
1216 1532 1291 1611 pepp

110 1625 270 1711 ναυμαχία
324 1633 393 1705 τοῖς
442 1627 574 1716 Ἕλλησι
620 1629 695 1715 νεερὶ
720 1666 722 1713 ι
746 1654 818 1715 ρους
840 1627 929 1717 ε’νίκρι
953 1625 1010 1716 ἀφ’
1035 1619 1071 1693 οὗ
1095 1625 1150 1716 ε’·ὐρ
1172 1627 1246 1707 σ’ς’.

108 1733 275 1814 Σαλαμῖνα
306 1729 390 1814 πρὸς
411 1729 486 1809 τοὺς
509 1730 637 1818 Πέρσας
660 1720 722 1820 ἦνῆ
791 1733 869 1795 Ens.
893 1755 922 1814 p.
949 1738 1008 1796 102
1032 1734 1096 1798 Hc.
1142 1730 1258 1818 Ξέρξης
1288 1772 1291 1786 ‹

109 1832 221 1898 ἐνίκων
254 1830 282 1897 ci
301 1833 448 1920 ίΈλληνες
461 1884 576 1898 ......
590 1829 696 1918 δρχον-
721 1839 722 1907 λ
743 1831 885 1921 Ἀθήνας
909 1833 1016 1899 ἐλθὼν
1038 1834 1209 1921 ἕνένσρχσεν
1234 1829 1291 1897 adt

108 1961 163 2016 τος
184 1933 333 2024 Ἀθήνῃσι
359 1934 555 2002 Καλλιάδου.
720 1928 722 1987 λ
748 1936 805 2001 aa)
840 1934 1027 2002 Καλλιάδου
1067 1934 1247 2025 Ἀθηναίων
1277 1929 1291 1999 ἱ

747 2039 866 2120 χόννος.

791 2144 867 2207 ibid.
891 2144 958 2226 Hp.
1002 2139 1021 2230 ἡ
1048 2142 1082 2207 ἐν
1108 2140 1291 2230 Θερμονιδλι

746 2244 832 2332 μάχη
865 2245 920 2309 καὶ
954 2242 973 2333 r‘y
1007 2245 1040 2310 ἐν
1072 2248 1226 2328 Σαλαμῖνι
1261 2267 1291 2306 νε

746 2345 857 2429 μαχιά.

195 2485 325 2551 Omissa
348 2491 397 2548 est
427 2485 459 2547 in
491 2485 587 2547 inser.
616 2484 763 2549 Hennen.
794 2507 904 2568 pugna
933 2484 1230 2568 ThermopylensiS,
1258 2502 1291 2546 cn

108 2589 196 2671 apud
219 2588 398 2652 Eusebium
427 2587 522 2649 unius
544 2589 714 2651 marmoris
738 2589 879 2670 epochae
908 2610 959 2651 res
982 2589 1015 2651 in
1039 2588 1120 2652 duas
1144 2587 1291 2670 dispertit

111 2693 184 2773 sint,
210 2691 249 2756 de
274 2711 338 2773 qua
362 2710 396 2751 re
420 2688 506 2751 infra
529 2689 718 2754 videbimus.

193 2795 256 2877 Ep.
296 2799 348 2856 52.
405 2793 555 2874 Pugnam
593 2791 822 2856 Plataeensem
867 2794 956 2875 apud
993 2793 1173 2857 Eusebium
1211 2795 1291 2856 inver

108 2898 298 2962 adnotatam
331 2918 363 2978 p.
393 2899 453 2959 102
486 2895 506 2958 l.
540 2918 567 2959 ν.
597 2895 640 2960 A.
675 2896 812 2978 „Pugna
843 2896 885 2959 ad
920 2897 1075 2960 Plataeas
1111 2916 1256 2978 quaeque
1286 2916 1291 2950 ε

107 3000 289 3083 Μχοολεο.“
335 2999 474 3064 Diodori
497 3000 608 3064 dehis
631 3000 727 3064 rebus
751 2999 854 3064 fusior
875 3001 1021 3063 narratio
1045 3022 1110 3063 non
1133 3000 1256 3082 patitur
1270 3017 1290 3058 u

108 3104 348 3168 cohaerentiam
370 3124 443 3167 oum
460 3103 593 3186 reliquis
609 3124 811 3185 cognoscere,
835 3125 935 3165 unum
953 3104 1021 3165 eius
1038 3104 1085 3166 rei
1102 3103 1291 3166 documento

87 3213 157 3270 'est
189 3207 359 3288 catalogus
391 3207 583 3270 archontum
621 3206 717 3289 pla-ne
755 3206 841 3269 idem
873 3212 973 3288 atque
1006 3206 1107 3269 Parii.
1162 3206 1256 3269 Hanc
1281 3220 1291 3262 ε

108 3308 266 3391 epocham
296 3330 425 3390 pugnae
459 3308 664 3372 Plataeensis
697 3308 764 3371 fere
797 3308 950 3388 eundem,
990 3309 1015 3372 si
1047 3309 1160 3371 literas
1193 3309 1291 3388 specta

109 3412 299 3474 archontem
332 3412 467 3491 pra-obet
498 3411 674 3476 Plutarch.
707 3413 727 3475 l.
761 3433 788 3474 c.
821 3412 895 3474 adn.
929 3418 969 3474 30
1001 3405 1241 3495 Ξανδινσαίδχν
1269 3427 1287 3487 p

106 3510 367 3598 Ξάνθιπνυοςδλ)

193 3615 245 3679 De
274 3616 349 3697 igne
380 3616 532 3680 Aetnaeo
565 3615 636 3678 vide
666 3614 773 3678 locum
805 3616 1004 3698 Thucydidis
1035 3616 1103 3695 HI,
1133 3619 1189 3678 116
1211 3611 1291 3676 ubi‹

108 3720 277 3802 eruptione
309 3719 386 3782 anni
419 3723 482 3782 425
515 3740 543 3781 a.
578 3717 655 3782 Chr.
688 3739 718 3779 n.
750 3718 879 3782 locutus
917 3721 1059 3801 priorem
1094 3715 1290 3799 quinquagin

108 3823 201 3885 annis
229 3828 304 3885 ante
328 3821 426 3885 fuisse
450 3821 537 3884 dicit.
584 3821 774 3883 Haeserunt
804 3821 838 3883 in
867 3821 928 3883 hac
958 3844 992 3885 re
1023 3821 1083 3884 viri
1112 3819 1215 3899 docti,
1244 3815 1291 3879 rel*

108 3926 301 4008 Kruegerus
332 3924 408 4010 (leb.
438 3925 468 3986 d.
499 3923 720 4006 Thucydides,
753 3944 784 4004 p.
809 3923 864 4008 64)
895 3923 1048 4005 proponit
1077 3922 1110 3984 in
1142 3918 1291 4002 Thucydi*

107 4029 301 4110 scripturam
334 4025 386 4090 r‘e'
418 4021 480 4090 ἕνα
514 4031 628 4089 contra
659 4047 770 4088 omnes
802 4026 940 4107 codices,
984 4026 1103 4107 reliqui
1140 4025 1199 4088 viri
1235 4023 1290 4085 doc

106 4133 139 4195 in
177 4131 294 4213 quibus
334 4129 524 4209 Classenus,
566 4133 685 4210 putant
721 4128 944 4210 Thucydidem
980 4136 1108 4211 tempus
1147 4123 1291 4190 summati

107 4289 281 4296 —mss—
290 4289 309 4294 ...

195 4385 229 4457 ³³)
248 4387 386 4455 tepidario
405 4387 588 4438 tribuendum
607 4386 770 4442 Ξάντιπνισς.
