2940 4844
663 170 702 235 31

152 378 216 463 Ep.
245 383 287 444 48
321 384 476 443 narratur
506 400 617 462 pugna
647 379 858 443 Marathonia
890 401 996 461 neque
1029 402 1067 444 ea
1099 380 1219 443 omissa
1251 385 1300 443 est

65 485 158 566 apud
174 484 364 548 Eusebium.
403 483 602 565 Aeschylum
625 500 754 566 pugnae
777 483 964 548 interfuisse
987 484 1088 547 refert
1111 485 1208 547 etiam
1231 483 1298 546 bio-

65 587 227 669 graphus:
249 582 451 672 σανεχράνησε
471 583 506 648 δὲ
518 583 671 670 Πινδάρῳ
690 584 824 669 χεχανιὺς
842 585 927 650 κατὰ
943 585 1000 673 νην
1017 586 1071 668 μ’]
1099 581 1298 667 ὀλυμπιάδα,

64 693 209 773 γενναῖον
232 687 267 752 δὲ
290 685 389 753 αὐτόν
411 708 492 774 (μασι
515 686 572 751 καὶ
594 692 762 770 μετασχεῖν
784 692 841 776 τῆς
858 687 890 752 ἐν
903 693 1088 774 Μαραθῶνι
1111 688 1214 776 μάχης
1229 690 1298 752 art.

66 792 263 874 Phaenippo
301 814 375 855 vero
414 792 568 854 archonte
605 813 747 874 pugnarn
788 791 886 855 fuisse
924 799 1066 856 testatur
1101 792 1307 856 Plutarchus·

67 894 208 959 Aristid.
232 917 258 958 c.
282 900 316 958 5:
340 893 422 976 μετὰ
445 892 479 958 dd
496 890 702 974 Φαινίππου,
727 893 779 981 ἐφ’
804 883 840 958 οὗ
863 893 920 982 την
943 893 976 958 ἒν
988 899 1176 980 Μαραθῶνι
1197 894 1301 982 μάχην

66 995 183 1062 ἐνίκων
206 997 259 1082 (cf.
283 997 449 1082 marmor).

155 1102 219 1183 Ep.
243 1105 284 1164 49
330 1101 438 1182 agitur
461 1100 500 1162 de
528 1099 702 1165 Simonidis
726 1101 928 1164 celeberrimi
951 1108 1068 1183 poetae
1092 1101 1143 1163 avi
1166 1102 1300 1164 uictoria

66 1205 213 1271 Athenis
243 1209 428 1286 reportata,
460 1203 564 1266 eidem
588 1203 745 1266 Aristidis
773 1223 858 1266 anno
883 1205 1073 1267 attribuitur
1096 1204 1192 1267 Darii
1214 1225 1300 1268 mors

66 1307 259 1389 Xerxisque
281 1306 417 1370 initium.
463 1306 515 1368 De
538 1307 643 1370 tribus
667 1307 741 1369 huic
765 1307 908 1388 epochae
932 1329 996 1370 non
1018 1314 1106 1371 recte
1128 1307 1301 1389 adscriptis

68 1410 168 1474 rebus
190 1409 277 1472 infra
300 1409 489 1472 videbimus.
529 1408 711 1473 Simonides
736 1409 906 1472 clarissimi
928 1417 1044 1490 poetae
1068 1431 1146 1474 avus
1163 1411 1301 1473 multum

68 1514 201 1576 vexavit
233 1513 317 1576 viros
350 1513 462 1576 doctos
494 1533 600 1592 neque
631 1512 760 1575 videtur
792 1513 872 1575 solvi
903 1533 999 1594 posse
1031 1514 1145 1576 nodus
1200 1513 1301 1596 Apud

68 1615 252 1680 Eusebium
273 1615 378 1679 tribus
400 1615 479 1678 locis
502 1613 684 1679 Simonides
708 1622 906 1678 memoratur
929 1617 972 1678 ad
995 1616 1034 1678 ol.
1060 1621 1167 1696 55s5b,
1192 1617 1233 1680 ol.
1250 1622 1301 1697 60,

69 1719 112 1782 ol.
138 1723 177 1781 73
229 1718 319 1781 nulla
350 1724 460 1781 tamen
501 1716 614 1780 addita
644 1717 860 1781 distinctione.
913 1717 1131 1782 Statuendum
1162 1719 1302 1783 fortasse

69 1820 208 1884 Parium
243 1826 280 1884 ut
313 1820 439 1902 plures,
475 1841 557 1902 quos
591 1821 624 1882 in
658 1821 723 1883 suis
755 1820 899 1884 fontibus
932 1822 1055 1884 invenit
1087 1821 1302 1904 distingueret

68 1923 265 2001 Simonides,
294 1923 492 2003 quaesivisse
517 1923 679 2005 quomodo
702 1923 736 1986 id
757 1922 910 1986 efficeret.
958 1922 1139 2006 Quomiuus
1163 1926 1301 1989 alterum

67 2026 207 2090 alterius
236 2025 360 2088 faceret
390 2032 519 2106 patrem
543 2026 710 2107 prohibuit
735 2027 822 2108 quod
845 2027 1025 2108 Leoprepis
1048 2049 1164 2090 nornen
1188 2036 1302 2092 uotum

67 2135 142 2193 erat
172 2136 204 2192 et
234 2129 287 2192 lex
314 2129 387 2207 illa,
419 2150 483 2209 qua
512 2150 612 2210 nepos
644 2130 695 2192 avi
725 2151 840 2192 nomeu
868 2130 1048 2211 repetebat.
1095 2131 1149 2193 Ila
1178 2129 1301 2194 factum

67 2237 194 2311 estut,
227 2253 299 2295 curn
328 2230 466 2293 alterum
490 2231 604 2294 vitium
635 2232 789 2311 evitaret,
821 2233 854 2295 in
877 2233 1017 2296 alterum
1040 2254 1105 2295 non
1129 2233 1231 2297 levius
1254 2235 1302 2296 iu·

66 2335 203 2414 cideret‚
229 2355 301 2398 cum
324 2339 461 2396 naturae
486 2335 571 2397 enim
592 2335 718 2415 legibus
741 2341 889 2417 pugnant
912 2357 994 2416 quae
1019 2335 1058 2398 de
1078 2335 1300 2401 Simonidibus

66 2459 130 2501 avo
154 2443 187 2501 et
210 2442 328 2519 nepote
349 2435 461 2498 refert.

157 2539 302 2622 Impedit
330 2560 388 2603 nos
416 2539 537 2601 archon
560 2537 725 2602 Aristides
757 2539 800 2602 ad
822 2540 907 2602 hanc
930 2539 1089 2621 epocham
1113 2541 1300 2621 adnotatus,

65 2644 242 2728 quominus
286 2643 464 2724 cogitemus
502 2641 637 2704 Parium
676 2642 718 2704 ad
756 2664 850 2706 suum
888 2642 1075 2705 chronicum
1116 2645 1303 2724 catalogum

64 2746 230 2810 Demetrii
267 2744 421 2807 Phalerei
460 2744 655 2807 adhibuisse.
717 2745 873 2807 Aristidis
911 2747 996 2808 enim
1034 2746 1245 2827 magistratus
1266 2769 1302 2812 ,a

64 2848 239 2914 Demetrio
271 2867 355 2909 anno
382 2853 457 2929 post
479 2869 623 2929 pugnam
646 2848 872 2912 Plataeensem
897 2850 1103 2928 attribuitur,
1134 2871 1205 2912 curn
1230 2844 1303 2912 άνα-

64 2947 192 3036 γραφαὶ
223 2956 255 3012 et
278 2972 425 3030 ⁸marmor
456 2972 528 3013 cum
558 2951 597 3014 iis
628 2952 833 3014 consentiens
864 2951 931 3014 eius
964 2973 1080 3014 nornen
1110 2952 1152 3014 ad
1183 2974 1301 3015 anuum

63 3060 144 3138 post
171 3074 315 3135 pugnam
344 3053 586 3116 Marathoniam
615 3053 814 3138 referantffl)
860 3053 966 3118 Valde
997 3054 1184 3133 dolendum,
1216 3055 1302 3136 quod

63 3157 150 3221 nihil
178 3155 326 3219 relictum
362 3165 411 3219 est
434 3177 473 3219 ex
492 3157 685 3220 archontum
709 3157 857 3238 catalogo
882 3177 977 3237 quem
1002 3159 1184 3239 composuit
1206 3158 1304 3223 Stesi-

66 3245 171 3324 clides
196 3259 407 3322 Atheniensis
416 3258 468 3344 ,³2)
501 3261 590 3323 errius
616 3280 677 3340 ope
706 3259 819 3323 liceret
848 3259 1050 3341 singulorum
1074 3260 1303 3325 adnotationes

63 3369 101 3426 et
122 3361 219 3426 fidem
241 3384 420 3426 recensere.

155 3465 221 3548 Ep.
246 3471 296 3530 50.
336 3466 492 3548 Aeschyli
513 3465 619 3546 prima
634 3464 778 3543 victoria,
802 3464 978 3546 Euripides
995 3471 1101 3544 uatus,
1128 3466 1303 3530 Stesichori

64 3570 102 3632 in
126 3567 303 3633 Graeciam
332 3569 491 3632 adventus
518 3574 701 3656 narrantur.
747 3567 799 3630 De
828 3567 998 3649 Euripidis
1027 3590 1112 3632 anno
1140 3570 1242 3632 natali
1272 3577 1304 3633 et

65 3671 252 3736 Stesichori
286 3678 394 3736 aetate
417 3671 502 3734 infra
524 3670 714 3734 videbimus.
760 3671 835 3735 Hoc
858 3672 929 3736 loco
957 3672 996 3737 de
1018 3673 1176 3756 Aeschyli
1199 3675 1306 3756 prima

159 3889 194 3958 31)
214 3889 290 3945 Plut.
310 3891 429 3944 Aristid.
450 3893 507 3943 c.5
534 3888 699 3964 Ἀριστείδης
727 3890 756 3944 δὲ
783 3894 833 3959 την
855 3895 999 3963 ἐπώνυμον
1022 3891 1110 3968 ἀρχὴν
1134 3893 1216 3952 εὐθὺς
1234 3888 1303 3967 ἦρξε.

64 3981 166 4029 Καίτοι
196 3983 280 4047 φησὶν
308 3975 322 4030 ὁ
355 3977 492 4051 Φαληρεὺς
511 3979 660 4050 Δημήτριος
687 3975 767 4048 ἄρξαι
788 3977 837 4032 τὸν
856 3977 944 4047 ἄνδρα
962 3980 1058 4055 μικρὸν
1076 3986 1238 4056 ἔμπροσθεν
1256 3983 1304 4037 coi·

66 4063 196 4117 θανάτου
226 4063 295 4132 μετὰ
325 4064 376 4131 την
404 4070 434 4117 ἐν
452 4063 600 4119 Πλαταιαῖς
626 4065 724 4133 μάχην.
762 4060 808 4118 Ἐν
827 4063 857 4118 δὲ
884 4073 942 4122 ταῖ,1
961 4063 1131 4140 ἀναγραφαῖς
1157 4069 1226 4138 μετὰ
1254 4075 1305 4138 μὲν

65 4149 276 4216 Ξανθιππίδην,
300 4154 340 4222 ἐφ’
361 4142 391 4203 οὗ
412 4150 565 4224 Μαρδόνιος
583 4147 882 4218 ἡττηθηΠλαταίασιν,
902 4150 957 4206 οὔδ’
977 4153 1122 4225 ὁμώνυμον
1137 4153 1305 4226 Ἀριστείδην

69 4242 100 4289 ίν
119 4235 194 4290 πανὺ
214 4237 321 4294 πολλοῖς
339 4238 433 4306 λαβεῖν
452 4241 511 4290 ἔστι
529 4237 597 4306 μετὰ
610 4236 639 4290 δὲ
652 4238 806 4302 Φάνιππον,
826 4240 867 4308 ἐφ’
888 4231 917 4293 ob
936 4240 987 4309 τὴν
1005 4248 1034 4295 ἐν
1047 4243 1203 4316 Μαραθῶνι
1213 4245 1305 4313 μάχην

70 4325 177 4389 ἐνίκων,
197 4321 281 4381 εὐθὺς
296 4321 461 4394 Ἀριστείδης
479 4321 574 4393 ἄρχων
592 4321 804 4398 ἀναγέγραπται.

162 4410 197 4479 ³¹)
217 4411 252 4465 cf.
272 4410 357 4480 Diog.
376 4409 472 4462 Laert.
490 4410 530 4477 ΙΙ,
549 4412 591 4468 55.
