2902 4846
621 185 825 282 AL.

108 394 140 452 et
163 385 311 453 Chilonis
341 387 465 469 primus
494 389 671 471 ephoratus
700 412 720 453 a
742 389 918 472 Pamphila
946 390 1011 454 sive
1034 390 1200 454 Sosicrate
1226 390 1289 475 (Di

108 491 220 555 Laert.
243 491 271 570 I,
297 498 325 570 3,
351 492 407 575 68)
429 491 630 574 Euthydemi
660 515 744 557 11110
768 493 1013 570 adscribuntur,
1042 494 1130 574 apud
1154 493 1290 558 Eusebi·

107 593 150 657 ad
172 594 268 676 plane
293 593 436 658 diversos
460 616 562 659 annos
583 596 663 659 haec
685 595 845 659 adnotata
868 601 952 659 sunt.

194 697 304 762 Unum
327 698 405 760 111111
427 698 525 762 110111
548 698 664 762 afferre
688 699 871 780 exemplum
895 721 933 762 ex
952 699 1022 780 ipso
1040 699 1185 762 Eusebio
1202 721 1288 783 cogn

108 801 260 865 cendum:
285 823 313 863 1.
328 803 369 864 Α.
394 823 424 883 p.
440 801 508 863 aab
526 799 708 866 Simonides
726 802 854 883 lyricus,
873 801 1087 884 Phocyllides,
1106 802 1290 884 Xenophai

108 903 151 967 ad
179 925 280 967 unum
301 925 423 968 annum
446 911 751 986 commemorantur,
780 906 837 969 sed
860 905 981 969 ibidem
1004 927 1035 986 p.
1060 905 1128 968 96b
1153 904 1290 969 Simonir

108 1013 140 1071 et
166 1027 192 1070 c.
216 1006 441 1090 Xenophanes
477 1006 668 1088 singillatim
702 1008 838 1071 duorum
874 1029 1033 1071 annorum
1062 1008 1170 1088 spatio
1200 1009 1290 1071 seiur

108 1109 304 1173 referuntur.

196 1211 429 1294 Cognoscimus
441 1211 543 1293 igitur
560 1217 725 1276 auctorem
740 1214 909 1276 marmoris
926 1212 1212 1294 chronographum
1229 1213 1290 1277 fuis

108 1316 164 1398 qui
192 1315 348 1397 imprimis
376 1315 410 1378 id
438 1321 550 1396 ageret
578 1322 615 1378 ut
647 1322 854 1398 quotcunque
877 1320 987 1396 posset
1010 1314 1112 1394 facta,
1144 1315 1290 1398 plerum(

107 1419 181 1498 tria,
204 1419 237 1481 in
260 1440 359 1481 unum
382 1439 502 1481 1111111
526 1424 714 1499 congereret
737 1419 870 1500 eiusque
892 1418 1041 1482 archonti
1063 1417 1278 1499 attribueret,

107 1520 245 1584 fortasse
276 1521 409 1584 consilio
438 1521 555 1584 ductus
577 1528 614 1584 ut
635 1522 813 1603 legentium
834 1522 1008 1584 memoriae
1031 1521 1092 1584 hac
1115 1521 1246 1583 ratione
1270 1542 1290 1583 s

113 1630 269 1687 curreret.

193 1725 367 1790 Marmoris
390 1725 528 1808 scriptor
551 1724 626 1788 inde
649 1725 800 1788 hauriens
823 1725 869 1788 ita
896 1747 990 1789 suum
1007 1725 1144 1789 confecit
1161 1725 1290 1788 chroni(

108 1835 146 1892 ut
174 1849 239 1893 non
269 1834 373 1892 totam
402 1827 697 1910 chronographiam
725 1827 827 1910 lapidi
850 1828 1047 1910 insculperet
1070 1828 1127 1892 sed
1151 1849 1290 1909 excerpe

109 1933 205 1996 modo
222 1937 298 2010 tres,
322 1931 417 1994 modo
435 1930 516 1994 duas
532 1952 592 2008 res,
617 1930 782 1994 interdum
797 1951 863 1994 una
880 1935 1060 1994 contentus.
1099 1931 1191 1994 Parii
1209 1931 1290 2012 quid

110 2056 192 2118 opus
216 2057 274 2118 per
291 2040 341 2099 tot
363 2034 493 2110 saecula
516 2032 669 2096 obrutum
691 2034 829 2112 iacebat,
853 2055 990 2115 magnae
1006 2055 1082 2097 vero
1100 2033 1187 2096 illius
1205 2034 1290 2097 cliro

109 2137 284 2220 graphiae,
316 2138 436 2219 quippe
467 2159 552 2218 quae
583 2159 656 2201 cum
685 2138 823 2200 maxime
854 2138 999 2220 placeret
1030 2136 1071 2198 ab
1098 2136 1245 2199 Eusebio
1277 2159 1290 2198 s

109 2241 177 2304 eius
199 2239 390 2303 auctoribus
413 2239 455 2302 ad
479 2261 538 2302 sua
560 2260 659 2321 opera
682 2239 885 2303 contexenda
906 2239 1054 2302 adhibita
1071 2245 1129 2319 est,
1154 2239 1212 2302 sed
1230 2240 1290 2301 mu‘

109 2343 188 2407 locis
215 2342 400 2421 immutata,
432 2342 492 2406 hoc
520 2343 616 2405 modo
647 2343 741 2406 nobis
771 2352 918 2406 servatae
948 2348 1024 2405 sunt
1055 2341 1224 2422 reliquiae,
1258 2364 1290 2422 qi

110 2445 171 2508 nisi
203 2445 295 2509 Parii
322 2446 514 2527 opusculum
543 2451 687 2508 exstaret
722 2445 819 2528 plane
848 2447 1081 2528 ignoraremus.
1129 2443 1227 2527 Quod
1264 2466 1290 2504 vr

15 2584 19 2590 ·
108 2547 190 2612 illud
212 2570 294 2631 opus
318 2570 338 2611 a
361 2547 450 2611 nullo
474 2554 606 2612 auctore
630 2554 918 2613 commemoratum
946 2555 996 2611 est
1019 2547 1177 2629 imprimis
1196 2547 1290 2609 Alex:

110 2650 278 2715 drinorum
304 2672 423 2733 operae
449 2649 659 2713 tribuendum
686 2655 781 2733 puto,
812 2653 869 2732 qui
896 2672 968 2715 cum
995 2672 1113 2714 novum
1141 2671 1206 2712 non
1237 2649 1290 2712 soh

110 2755 168 2818 sed
189 2753 370 2832 iucundius,
394 2759 431 2816 ut
452 2753 499 2815 111
522 2752 637 2831 dicam,
661 2774 742 2835 opus
765 2753 960 2816 conficerent
983 2750 1160 2816 effecerunt
1193 2759 1230 2815 ut
1258 2751 1290 2813 ill

110 2857 206 2939 plane
234 2857 267 2919 in
295 2856 487 2920 oblivionem
516 2855 632 2919 abiret.
678 2853 782 2920 Casus
812 2877 890 2920 sane
923 2876 1089 2936 nunquam
1120 2855 1200 2918 satis
1233 2855 1290 2935 dep

110 2959 247 3039 randus,
279 2980 298 3022 a
326 2980 390 3040 quo
420 2964 530 3022 tumen
561 2981 601 3023 ne
624 2959 855 3022 Eratosthenis
881 2958 1013 3039 quidem
1036 2957 1160 3039 grande
1182 2978 1290 3039 opus(

109 3062 198 3128 fendi
225 3063 331 3145 potuit
361 3084 433 3125 cum
462 3083 555 3125 suam
578 3062 802 3144 Apollodorus
836 3062 986 3143 syntaxin
1022 3059 1222 3124 confecisset.
1265 3059 1290 3121 h

111 3167 204 3231 nobis
226 3165 453 3248 reputantibus
477 3187 542 3246 qna
565 3167 691 3228 ratione
714 3165 795 3228 illud
818 3187 899 3246 opus
922 3165 955 3226 in
979 3185 1041 3244 quo
1063 3163 1182 3225 Parius
1203 3161 1290 3242 script

110 3271 225 3333 nititur
248 3275 356 3331 ortum
377 3268 419 3329 sit
442 3288 505 3330 non
528 3267 658 3331 difficile
680 3268 771 3331 nobis
793 3266 955 3331 videbitur
976 3267 1138 3348 explicare
1162 3266 1246 3329 unde
1260 3262 1289 3326 ill

110 3374 143 3435 in
166 3393 248 3453 quas
270 3369 441 3432 incidimus
457 3370 549 3432 Parii
569 3370 705 3433 hominis
722 3371 764 3434 ab
781 3369 853 3432 aliis
871 3369 1083 3451 scriptoribus
1100 3365 1289 3450 discrepanti

111 3480 202 3538 ortae
233 3474 311 3550 sint,
347 3479 438 3536 ortae
462 3473 611 3536 videntur
634 3495 673 3536 ex
697 3472 829 3536 consilio
852 3472 952 3536 fontis
976 3495 1040 3535 non
1063 3471 1241 3535 marmoris.
1280 3484 1290 3526 1

111 3578 137 3641 si
160 3597 256 3660 porro
279 3575 457 3656 cogitamus
481 3597 544 3656 quo
568 3574 662 3638 modo
686 3575 822 3637 Parium
845 3577 1033 3639 chronicum
1055 3581 1163 3639 ortum
1189 3572 1290 3637 11111οῑ

111 3680 181 3743 fieri
213 3679 356 3760 potuisse
388 3678 599 3758 intelligimus
631 3685 667 3740 ut
698 3680 838 3760 scriptor
869 3701 942 3742 cum
972 3679 1047 3742 hinc
1078 3678 1168 3741 illinc
1199 3698 1248 3740 res
1279 3668 1290 3731 l

112 3789 258 3864 cerperet
281 3803 336 3845 eas
360 3782 493 3862 eligeret
517 3802 600 3861 quae
628 3801 825 3861 quamquam
860 3803 932 3844 cum
968 3781 1039 3845 aliis
1075 3780 1119 3843 ad
1142 3793 1290 3844 11111111

112 3891 261 3948 notatum
290 3905 364 3947 vere
392 3884 629 3966 pertinentibus
659 3883 850 3946 coniunctae
880 3891 975 3947 erant
1003 3891 1112 3947 tamen
1144 3884 1269 3946 minime

112 4009 185 4051 eum
215 3987 404 4051 referendae
432 3992 534 4050 erant.
582 3985 669 4049 Nam
700 3992 787 4049 certe
811 4007 909 4048 unam
932 4008 1001 4050 rem
1025 3986 1066 4051 ab
1090 3993 1221 4049 auctore
1240 3983 1290 4046 fon

111 4091 197 4154 illius
220 4112 294 4153 vero
319 4111 403 4152 anno
427 4088 633 4168 adsignatam
656 4087 754 4151 fuisse
778 4110 871 4152 nemo
895 4091 957 4152 erit
979 4090 1056 4170 quin
1080 4088 1246 4152 concedat.

197 4192 304 4256 Multa
330 4198 362 4254 et
393 4192 482 4255 varia
512 4191 600 4253 facta
626 4198 701 4252 sunt
732 4190 772 4253 de
795 4191 885 4254 Parii
916 4192 1083 4273 scriptoris
1112 4190 1176 4254 fide
1205 4184 1289 4252 indic

110 4295 256 4377 plerique
293 4294 434 4376 graviter
473 4314 546 4356 eum
577 4293 850 4374 vituperaverunt.
905 4293 1001 4377 Quod
1032 4294 1057 4357 si
1095 4293 1174 4356 mihi
1205 4281 1288 4354 conti

111 4403 147 4461 11
180 4399 324 4462 rationes
354 4395 452 4460 fontis
492 4395 577 4458 illius
619 4395 805 4476 detegerem
844 4397 935 4460 nulla
964 4397 1027 4460 erit
1057 4395 1218 4458 dubitatio
1257 4403 1290 4468 qr
