2902 4846
780 163 797 227 ‘2

176 367 319 452 priorum
333 368 528 433 editionibus
539 369 676 433 contulit
692 368 890 454 (Forsterus,
904 393 987 452 <pirae
1001 374 1144 437 enotavit
1157 373 1412 442 nuncBerolini

176 489 413 573 adservantur).
460 489 535 570 Ipse
562 489 746 552 Boeckhius
775 489 917 572 lapidem
945 513 1010 553 non
1039 493 1135 555 vidit.
1165 502 1348 576 propterea
1378 500 1411 563 in

176 609 363 691 supplendis
391 609 516 671 lacunis
543 608 678 672 liberius
706 608 784 672 mihi
808 611 910 690 egisse
935 611 1071 690 ridetur,
1104 634 1307 696 quamquam
1333 639 1412 683 con-

176 729 255 792 cedo
285 729 415 810 egregia
444 749 513 791 esse
543 729 705 810 permulta
728 730 849 811 ingenii
872 731 958 794 illius
982 732 1142 813 praeclari
1165 736 1412 816 supplementa.

175 848 238 911 Est
266 849 352 911 enim
374 869 494 929 magna
517 847 674 911 dissensio
696 849 782 911 inter
804 851 960 931 pristinos
983 851 1124 914 editores
1148 852 1187 916 de
1209 854 1413 923 lacunarum

175 969 304 1051 spatiis,
332 969 451 1050 quippe
480 968 534 1047 qui
564 969 693 1050 saepius
720 969 801 1031 nihil
833 970 1033 1050 signaverint
1056 972 1116 1033 nisi
1141 972 1252 1036 deesse
1276 975 1414 1058 aliquot

174 1089 297 1152 literas.
343 1087 521 1151 Praeterea
550 1093 619 1150 tota
648 1089 731 1152 ratio
755 1089 957 1151 Bocclrhiani
980 1092 1085 1172 operis
1109 1114 1171 1154 non
1196 1095 1351 1174 permisit
1375 1103 1413 1161 ut

173 1208 278 1271 forma
298 1209 368 1289 ipsa
382 1208 551 1271 literarum
566 1208 773 1287 redderetur3
796 1210 906 1290 itaque
923 1232 994 1273 oum
1012 1212 1096 1292 typis
1112 1211 1226 1274 iisdem
1242 1219 1411 1296 uteretur,

174 1328 290 1409 quibus
319 1327 353 1389 in
381 1328 452 1390 aliis
481 1327 744 1408 inscriptionibus
767 1329 868 1391 multo
893 1333 1076 1394 aiccuratius
1105 1332 1247 1412 scriptis,
1278 1333 1410 1399 factum

174 1454 236 1529 est,
265 1452 302 1510 ut
326 1446 440 1510 lectori
470 1446 509 1509 de
537 1467 594 1509 suo
619 1447 791 1529 supplendi
813 1451 940 1532 copiam
962 1451 1060 1534 plane
1083 1473 1145 1515 non
1168 1452 1302 1533 faceret,
1328 1478 1409 1521 nam

173 1568 260 1650 quod
288 1589 447 1630 summum
476 1571 538 1646 est,
576 1587 787 1650 permagnam
820 1569 972 1652 lapidarii
1000 1573 1034 1635 in
1064 1571 1196 1652 singulis
1226 1572 1334 1637 literis
1359 1580 1409 1640 in-

172 1685 356 1769 sculpendis
376 1685 630 1749 inconstantiam
654 1709 718 1750 non
742 1692 908 1770 expressit.

256 1841 409 1905 Kaibelio
432 1847 642 1922 praeceptore
666 1842 968 1909 benevolentissimo
991 1845 1213 1908 intercedente
1229 1846 1311 1908 mihi
1330 1869 1409 1912 eon-

170 1963 244 2044 tigit
258 1968 295 2025 ut
306 1961 467 2024 Ernestns
479 1961 588 2024 Maass
604 1961 653 2024 vir
669 1961 872 2026 doctissimus
889 1985 960 2026 cum
977 1965 1124 2046 proxima
1141 1970 1266 2027 aestate
1282 1965 1409 2032 Oxonii

170 2087 354 2145 versaretur
384 2079 527 2162 lapidem
557 2082 731 2163 inspiceret
762 2089 794 2145 et
825 2083 1021 2147 liberalitate
1054 2105 1216 2166 operaque
1249 2084 1408 2153 Pelhami

170 2200 340 2264 clarissimi
366 2200 425 2262 viri
455 2199 587 2263 adiutus
615 2206 765 2282 eotypnm
795 2203 873 2266 mihi
898 2203 1081 2266 faciendum
1110 2210 1248 2266 curaret.
1304 2204 1407 2288 Quod

171 2325 320 2402 ectppum
357 2325 425 2382 tam
462 2319 629 2400 praeclare
668 2323 838 2384 marmoris
872 2325 1013 2405 graviter
1046 2321 1187 2384 mutilati
1221 2329 1254 2385 et
1289 2324 1406 2390 detriti

169 2439 306 2503 formam
336 2439 456 2518 reddit,
487 2444 524 2501 ut
546 2439 598 2502 vix
621 2437 758 2518 doleam,
785 2441 871 2522 quod
894 2443 963 2523 ipsc
987 2441 1128 2524 lapidem
1152 2441 1311 2522 inspicere
1337 2467 1405 2510 non

168 2560 268 2640 potui.
306 2559 422 2622 Liceat
444 2559 524 2621 mihi
547 2563 719 2640 propterea
742 2559 804 2623 hoc
825 2561 896 2624 loco
913 2562 988 2625 viris
1006 2561 1200 2625 doctissimis
1217 2562 1406 2629 literarum·

135 2680 140 2689 “
169 2698 232 2760 qne
261 2678 491 2741 amantissimis
520 2699 617 2758 quam
646 2678 803 2740 maximas
826 2681 950 2762 accepti
974 2681 1120 2746 beneficii
1144 2682 1266 2763 gratias
1291 2705 1404 2765 agere.

256 2829 410 2894 Formam
436 2831 636 2893 monumenti
666 2832 816 2894 nunciam
849 2855 961 2896 rursus
989 2836 1023 2897 in
1051 2835 1270 2899 subterraneis
1294 2837 1406 2903 Musei

168 2950 342 3014 Bodleiani
371 2952 528 3014 reservati
562 2950 616 3034 (cf.
641 2951 813 3032 Huebner‚
846 2952 939 3016 Diar.
970 2954 1089 3032 Ascla,
1126 2959 1223 3029 1866,
1256 2977 1287 3036 p.
1322 2961 1404 3043 302)

167 3071 241 3134 vide
278 3071 311 3133 in
348 3071 477 3149 tabula,
522 3071 648 3135 lineolis
687 3073 734 3157 (-
754 3111 786 3118 -—
805 3074 903 3156 --)
942 3072 1120 3154 significavi
1160 3095 1231 3136 eam
1267 3083 1403 3156 partem

168 3211 266 3272 quam
289 3188 448 3254 Seldcnus
479 3212 562 3252 unus
591 3191 732 3274 inspexit
754 3193 998 3256 non-minorem
1022 3199 1115 3274 parte
1137 3193 1243 3255 adhuc
1267 3205 1403 3262 servata

167 3332 240 3374 cum
270 3310 327 3373 illa
360 3331 470 3374 versus
504 3313 545 3372 45
580 3311 660 3374 haec
692 3315 735 3374 48
766 3312 944 3404 contiueat,
980 3313 1141 3374 asteriscis
1172 3315 1217 3397 (t
1240 3326 1270 3386 t
1293 3325 1325 3390 4
1349 3322 1400 3405 -l-)

167 3455 237 3496 cam
277 3437 404 3514 partem
442 3453 524 3513 quae
560 3431 635 3494 inde
672 3431 713 3494 ab
751 3432 843 3494 initio
879 3431 990 3494 defuit.
1047 3432 1280 3514 Cognoscimus
1320 3437 1400 3503 inde

166 3576 308 3618 marmor
324 3553 499 3636 oblongum
512 3552 620 3616 fuisse.
646 3551 728 3616 Oum
742 3574 779 3615 ex
795 3552 989 3616 editionibus
1005 3554 1057 3615 vix
1071 3553 1207 3616 formam
1224 3555 1400 3624 literarum

165 3680 336 3756 totumque
364 3672 512 3735 habitum
542 3672 602 3736 sibi
632 3673 704 3754 quis
727 3671 849 3753 tingere
871 3672 990 3754 possit,
1020 3674 1132 3753 paucis
1157 3676 1306 3737 nunciam
1332 3700 1400 3742 ser-

166 3801 274 3857 vatam
296 3798 423 3876 partem
446 3791 636 3856 describam.
674 3791 817 3854 Exstant
840 3813 949 3854 versus
973 3791 1048 3854 inde
1072 3813 1092 3854 a
1114 3815 1141 3854 v.
1159 3796 1199 3855 46
1225 3814 1329 3875 usque
1354 3799 1400 3862 ad

165 3935 192 3976 v.
211 3917 250 3975 93
275 3913 379 3996 spatio
395 3912 480 3975 inter
497 3932 530 3974 se
548 3912 693 3992 separati
710 3912 827 3993 singuli
844 3911 1010 3992 quaternis
1026 3911 1231 3991 millimetris,
1256 3935 1399 3994 quorum

165 4033 269 4095 exitus
285 4033 369 4096 alter
384 4053 480 4114 super
496 4031 600 4094 altero
617 4029 729 4094 eadem
744 4031 875 4112 regione
892 4031 1051 4094 desinunt.
1086 4031 1207 4094 Forma
1223 4033 1397 4102 literarum

163 4172 228 4214 non
258 4153 412 4217 abhorret
442 4154 482 4216 ab
512 4151 569 4214 illa
590 4155 697 4214 aetate
720 4150 900 4232 posteriore
923 4149 1135 4214 Macedonica
1158 4172 1241 4231 quae
1264 4154 1395 4238 dicitur,

163 4274 211 4336 ita
233 4274 440 4337 inveniuntur
464 4279 489 4351 I,
510 4277 543 4348 a,
566 4275 597 4351 θ,
619 4273 650 4350 θ,
678 4275 719 4350 Φ,
743 4269 828 4332 aliae
850 4268 936 4331 illius
959 4270 1077 4332 aetatis
1099 4274 1251 4353 propriae
1269 4273 1396 4342 literae.

162 4395 198 4456 In
226 4395 430 4478 longitudine
458 4393 627 4456 literarum
656 4391 759 4474 (7—-9
783 4388 861 4473 mm)
894 4409 991 4469 quam
1018 4391 1156 4454 maxime
1181 4393 1241 4456 sibi
1265 4402 1397 4462 constat
