2902 4846
627 176 746 274 „ao

117 382 320 450 Boeckhium
357 381 455 446 etiam
490 381 523 446 in
560 381 622 447 hac
658 405 693 448 re
730 384 834 450 multa
868 385 988 468 optime
1026 382 1190 450 iudicasse
1236 392 1317 452 tam«

116 487 273 552 nonnulla
296 486 373 549 mihi
397 492 607 551 occurrerunt
629 507 713 567 quae
736 489 840 551 minus
863 487 1008 571 probem.

203 608 366 691 Tempora
393 608 439 669 ita
469 605 637 669 adnotavit
664 607 783 672 Parius
822 615 859 672 ut
888 614 1107 690 computaret,
1149 616 1232 691 quot
1269 632 1317 673 an

116 711 192 774 inde
226 733 245 774 a
278 710 365 774 lacto
399 730 529 791 quoque
563 731 664 791 usque
698 712 741 774 ad
777 732 871 774 suum
904 733 1024 774 annum
1055 713 1317 793 praeterierint,²·

116 813 236 876 additis
265 813 299 876 in
330 813 438 895 priore
469 819 563 894 parte
594 834 722 895 regum,
752 814 783 876 in
812 813 990 895 posteriore
1014 813 1210 878 archontum
1234 815 1317 897 sing

115 915 222 979 lorum
245 912 482 998 nominibus.⁴⁴)

203 1034 356 1117 Apparet
378 1034 476 1098 etiam
498 1034 559 1097 hac
580 1035 613 1096 in
637 1035 826 1115 quaestione
850 1033 931 1098 duas
953 1040 1064 1116 partes
1092 1033 1317 1118 distinguend

117 1157 187 1200 esse
210 1157 329 1218 easque
353 1137 530 1218 separatim
552 1135 757 1218 spectandae,
781 1158 880 1200 unam
901 1137 1078 1220 mythicam
1099 1139 1133 1201 in
1156 1160 1223 1220 qua
1239 1161 1317 1222 reg-

116 1239 255 1302 alteram
291 1238 480 1302 historicam
515 1239 548 1302 111
586 1261 652 1321 qua
689 1238 862 1303 archontes
900 1239 1048 1305 adnotati
1088 1246 1173 1304 sunt.
1229 1241 1317 1323 neq

116 1343 256 1424 primum
277 1342 408 1424 quidem
430 1343 643 1406 recentiorem
664 1349 791 1424 partem
815 1343 975 1407 tractabo.

203 1461 428 1526 Adnotatione
461 1460 657 1524 archontum
689 1461 781 1526 nobis
814 1483 893 1526 ansa
924 1461 1102 1545 praebetur
1135 1470 1167 1526 et
1199 1462 1317 1526 indoh

117 1571 149 1627 et
184 1563 386 1645 diligentiam
419 1564 584 1647 scriptoris
618 1565 833 1644 cognoscendi
875 1587 947 1629 cum
981 1567 1113 1630 nomina
1147 1565 1317 1628 archoncr

116 1688 238 1749 magna
272 1687 311 1729 ex
344 1675 439 1750 parte
473 1667 561 1749 apud
590 1666 773 1730 Diodorum
807 1675 839 1730 et
868 1668 1063 1750 Dionysium
1097 1675 1233 1732 exstent.
1276 1668 1317 1729 A

117 1770 288 1834 ohontibus
317 1771 418 1852 igitur
448 1770 653 1834 recensendis
695 1791 767 1833 cum
802 1769 986 1834 Boeckhius
1019 1792 1152 1853 operam
1183 1770 1280 1833 daret

115 1872 355 1937 introductione
387 1895 456 1955 cap.
488 1873 546 1937 HI
584 1877 738 1955 quattuor
769 1873 884 1935 statuit
915 1880 1083 1955 computos
1114 1872 1157 1953 A,
1183 1873 1221 1950 Β,
1246 1872 1297 1952 O,

116 1977 164 2040 ita
201 1983 239 2038 ut
275 1975 308 2038 A
345 1976 442 2040 litera
481 1975 742 2057 significarentur
786 1976 808 2038 ii
850 1977 976 2039 numeri
1002 1998 1100 2065 *quos
1145 1992 1218 2038 vero
1256 1994 1317 2037 ar.

109 2079 285 2142 *marmoris
319 2078 514 2160 respondere
545 2083 704 2155 censeret,
742 2077 772 2140 Β
803 2078 826 2140 11
854 2080 910 2158 qui
936 2101 1001 2142 uno
1029 2079 1191 2142 auctiores
1221 2096 1317 2140 esse

117 2179 144 2246 G
175 2186 207 2243 et
239 2181 270 2242 D
303 2180 325 2242 ii
355 2181 411 2261 qui
447 2180 573 2246 duobus
613 2182 662 2244 vel
690 2181 794 2244 tribus
822 2181 966 2262 legitimo
997 2203 1130 2245 numero
1160 2179 1314 2244 differre

116 2285 252 2347 Annum
291 2283 376 2345 enim
414 2284 570 2364 Diogneti
608 2283 774 2346 archontis
811 2282 916 2367 (euius
954 2305 1040 2348 anno
1079 2284 1234 2366 scriptum
1267 2299 1317 2344 er

116 2385 303 2450 chronicum
348 2407 387 2448 ex
430 2386 593 2468 prooemio
638 2385 789 2468 apparet)
835 2407 874 2448 ex
919 2386 1152 2450 recentioribus
1198 2401 1317 2449 nume

118 2490 190 2574 (hos
236 2491 320 2553 enim
366 2489 584 2552 accuratiores
630 2487 783 2570 putabat)
837 2488 1091 2570 computandum
1145 2510 1214 2552 esse
1265 2500 1317 2550 (3¹

116 2598 275 2656 statueret
305 2592 488 2682 superiores
519 2613 583 2654 uno
615 2612 699 2653 anno
730 2589 917 2655 differentes
951 2613 1101 2655 numeros
1132 2593 1196 2655 sive
1219 2591 1317 2654 diso.

113 2695 227 2778 pantia
256 2694 392 2757 fontium
423 2694 488 2756 sive
518 2695 594 2756 vitio
618 2694 758 2756 auctoris
783 2701 870 2757 ortos
895 2716 964 2758 esse
987 2701 1091 2776 putat.
1140 2693 1214 2770 Sed,
1239 2700 1277 2757 ut

114 2797 323 2860 Wilamovitz
355 2796 531 2859 rectissime
559 2796 639 2859 vidit
671 2802 702 2859 et
724 2796 803 2859 1111111
825 2797 891 2859 iam
914 2803 1090 2878 antequam
1113 2797 1199 2860 illius
1221 2797 1317 2861 111111

111 2902 253 2983 legerem
276 2905 399 2963 certum
421 2897 493 2976 fuit,
525 2899 717 2980 explicanda
739 2898 797 2962 illa
821 2899 1041 2982 discrepantia
1064 2905 1171 2963 estex
1194 2905 1317 2962 111611

112 3003 322 3085 chronologia
354 3002 420 3065 sive
453 3024 491 3065 ex
522 3001 664 3065 auctoris
695 3002 827 3065 consilio
864 3004 896 3065 in
934 3002 1084 3066 chronico
1122 3010 1317 3066 contexui(

112 3105 219 3190 Quam
250 3105 351 3185 igitur
382 3112 513 3167 secutus
546 3105 587 3166 sit
618 3105 778 3168 rationem
807 3105 840 3167 in
870 3105 1072 3187 temporibus
1102 3093 1317 3188 computand

110 3210 267 3292 imprimis
288 3208 554 3288 cognoscendum.
594 3206 783 3270 Boeckhius
799 3207 819 3270 l.
837 3228 863 3270 0.
880 3208 964 3271 hanc
979 3207 1105 3290 profert
1121 3208 1317 3272 sententiaI

112 3358 313 3368 „affl-

198 3449 235 3516 l³)
253 3448 332 3500 Haec
351 3447 423 3498 ratio
443 3447 567 3498 omnium
588 3463 682 3497 rerum
701 3449 830 3513 tempora
848 3449 883 3499 ab
901 3447 1007 3498 ultimis
1021 3449 1196 3515 temporibus
1210 3450 1245 3502 ad
1259 3459 1310 3501 su

110 3540 230 3589 aetatem
257 3533 440 3601 computandi
463 3532 606 3584 rarissime
629 3532 704 3598 apud
728 3533 860 3599 antiquos
883 3533 1029 3585 invenitur
1048 3552 1112 3586 eum
1132 3535 1222 3587 forma
1241 3531 1303 3606 ἀφ’

108 3623 138 3675 in
156 3622 368 3688 computatione
389 3619 544 3686 spatiorum
563 3618 638 3670 inter
657 3619 735 3669 binas
755 3636 799 3670 res
813 3620 955 3671 interiecti
968 3620 1076 3687 saepius
1092 3626 1193 3684 exstet,
1212 3619 1311 3674 velut

108 3707 275 3777 fragmentis
312 3705 525 3768 Eratosthenis,
562 3704 716 3770 Thrasylli,
753 3703 894 3756 Demetrii
931 3704 1028 3756 Iudaei
1058 3705 1203 3758 cuiusdam
1235 3714 1317 3774 pse¹

109 3794 256 3863 epigraphi
279 3793 378 3861 (016111.
403 3791 483 3844 Alex.
508 3808 534 3857 p.
553 3791 617 3854 325,
637 3792 699 3856 3403
725 3790 790 3842 Eus.
814 3807 910 3858 praep.
932 3808 1029 3859 evang.
1048 3810 1075 3860 p.
1096 3793 1148 3844 492
1167 3793 1209 3845 ed.
1229 3792 1317 3844 Dim

108 3885 202 3935 exstat
220 3898 305 3932 unum
324 3878 484 3945 exemplum
502 3877 650 3943 inscriptio
670 3876 859 3930 Heiraeniana.

195 3984 232 4052 11)
251 3984 360 4051 Regum
386 3985 414 4032 et
440 3984 608 4032 archontum
629 3981 744 4031 nomina
761 3980 946 4047 grammatico
967 3979 1089 4046 quodam
1109 3981 1183 4032 vitio
1202 3974 1317 4031 adnot²

108 4087 168 4125 6111
188 4088 245 4122 non
263 4069 376 4132 tacebo;
402 4068 506 4120 rectius
525 4067 581 4118 fuit
599 4066 742 4118 archontis
762 4065 896 4131 cuiusque
914 4064 1018 4117 nornen
1037 4069 1105 4118 ante
1123 4081 1270 4118 numerum
1301 4067 1317 4102 Ε

107 4174 208 4209 norum
236 4155 388 4221 scripsisse.
434 4153 625 4205 Nihilominus
649 4169 681 4203 ea
702 4151 758 4202 iam
782 4151 812 4202 in
836 4151 915 4202 fonte
938 4151 1037 4202 addita
1070 4151 1156 4204 fuisse
1181 4142 1316 4203 osteudu

106 4242 305 4295 adnotationes
330 4240 366 4291 ad
390 4257 451 4308 epp.
471 4241 512 4303 37,
537 4241 579 4303 38,
603 4240 645 4303 40,
669 4240 711 4301 48,
738 4238 779 4301 49,
804 4238 846 4300 51,
868 4239 910 4302 52,
934 4238 975 4301 53,
1001 4238 1043 4301 56,
1067 4239 1108 4301 64,
1128 4239 1169 4302 65,
1188 4237 1232 4301 72;
1253 4221 1316 4284 nul

106 4329 190 4382 modo
210 4327 274 4380 talis
294 4341 447 4378 consensus
466 4325 544 4378 Parii
563 4341 627 4378 cum
645 4327 691 4376 tot
709 4323 794 4375 variis
815 4323 978 4375 auctoribus
997 4335 1058 4375 esse
1077 4325 1172 4390 potuit
1190 4323 1212 4374 si
1230 4320 1266 4371 de
1286 4322 1317 4361 ³⁸

108 4432 205 4469 eorum
222 4413 337 4467 nomina
356 4415 384 4463 61
403 4428 491 4463 annos
510 4409 672 4462 addidisset.
