2902 4846
191 361 306 444 adep.
333 365 383 424 71.
427 358 483 424 καὶ
507 357 586 447 ἐκάη
609 357 644 423 δὲ
666 357 740 424 τότε
762 383 805 423 κα
832 357 878 446 [et
900 377 984 440 quae
1008 355 1124 420 deleta
1149 359 1245 420 sunt.

192 463 235 527 ad
258 485 306 545 ep.
332 468 382 527 72.
428 461 484 527 καὶ
506 457 523 527 ὁ
543 458 601 527 'Al
625 461 671 550 [et
693 483 777 545 quae
800 461 908 526 deleta
930 464 1016 522 sunt.

192 565 272 630 Mihi
287 566 387 649 igitur
402 587 595 649 persuasum
611 572 669 644 est,
685 564 934 628 fundamentum
946 562 1043 626 huius
1056 560 1342 644 chronographiae

105 669 140 731 in
156 666 271 732 Attica
294 675 401 733 ortum
424 690 493 733 esse
514 668 612 749 idque
634 669 691 748 ita,
715 673 752 731 ut
768 666 943 731 Atthidum
958 666 1172 746 aliorumque
1188 663 1342 727 librorum

107 771 310 835 narrationes
348 771 554 854 systematice
592 777 624 834 et
661 770 885 852 chronologice
924 768 1101 850 dispositas
1140 787 1214 829 uno
1254 786 1342 849 opere

107 873 402 957 comprehenderet.
447 872 530 938 Inde
560 880 592 937 et
620 874 738 936 Parius
768 872 863 936 homo
891 878 923 936 et
951 869 1088 934 Eusebii
1119 875 1282 934 auctores
1307 868 1344 933 ad

107 998 167 1041 sua
198 976 349 1040 chronica
378 975 577 1040 conficienda
608 977 731 1058 pariter
762 976 952 1039 hauserunt.
1005 971 1087 1056 Quis
1120 971 1181 1036 ille
1213 971 1344 1037 chrono

108 1080 253 1162 graphus
274 1078 381 1155 t'uerit,
405 1099 469 1141 non
492 1078 641 1160 cognosci
662 1083 771 1160 potest
794 1084 826 1143 et
848 1077 941 1141 futile
965 1075 1026 1140 erit
1043 1074 1196 1139 intanto
1214 1096 1343 1141 numero

107 1183 272 1246 hominum
303 1181 472 1244 doctorum
502 1186 535 1243 et
559 1179 763 1243 indoctorum
793 1201 960 1262 quaerere.
1010 1178 1139 1242 Tamen
1162 1176 1279 1243 fontes
1300 1198 1345 1242 ac·

109 1284 254 1348 curatius
278 1279 429 1365 detegere
451 1303 544 1365 posse
566 1282 645 1344 mihi
666 1282 787 1346 videor.

194 1385 260 1452 Sed
288 1386 478 1467 priusquam
510 1383 552 1447 ad
579 1385 665 1448 hanc
687 1385 910 1466 quaestionem
933 1382 1102 1461 accedam,
1133 1403 1250 1464 pauca
1272 1382 1344 1447 mihi

110 1488 247 1553 dicenda
270 1493 354 1563 sunt,
379 1488 418 1550 de
442 1486 599 1551 Boeckhii
623 1487 827 1571 sententia5),
857 1508 956 1568 quam
978 1484 1073 1548 multi
1093 1483 1157 1547 viri
1182 1485 1276 1550 docti
1298 1505 1344 1550 ae
1380 1484 1382 1495 '

110 1589 317 1674 ceperuntl),
348 1590 530 1653 Phaeniam
553 1589 704 1653 Eresium
725 1611 926 1654 communem
953 1587 1126 1653 Marmoris
1151 1595 1186 1652 et
1211 1588 1344 1654 Eusebii
1380 1586 1382 1621 ⁵

108 1693 232 1758 fontem
255 1714 333 1757 esse.
381 1692 427 1756 Ut
450 1698 643 1773 argumenta
665 1692 824 1756 Boeckhii
846 1711 1088 1770 recenseamus,
1112 1692 1300 1757 maximnm
1320 1692 1344 1756 ei
1377 1730 1382 1743 -

109 1818 178 1861 esse
194 1796 331 1874 videtur,
348 1794 436 1876 quod
447 1794 611 1857 Phaenius
626 1794 814 1858 Aristotelis
830 1794 1016 1876 discipulus,
1033 1793 1130 1857 homo
1148 1793 1346 1879 γραμμάτιον

111 1894 169 1963 οὐκ
203 1893 338 1983 ἄπειρος
372 1891 541 1981 ἱστορικῶν
580 1896 683 1979 (Ρ1111.
720 1896 928 1960 Themistocl.
963 1917 989 1959 c.
1027 1894 1080 1979 13)
1113 1895 1150 1959 in
1184 1897 1275 1962 libro
1309 1897 1345 1963 de

109 2002 308 2085 Prytanibus
335 2000 525 2063 Eresiorum
557 1999 653 2062 etiam
676 1999 807 2063 Atticas
836 2020 887 2062 res
911 1999 1020 2080 attigit
1040 1997 1141 2079 idque
1164 2000 1344 2065 nominatis

110 2103 320 2168 archontibus
344 2101 594 2164 Atheniensium
624 2101 712 2165 velut
740 2103 774 2165 in
796 2102 980 2184 fragmento
1010 2099 1098 2182 apud
1121 2100 1344 2167 Plutarchum

112 2206 222 2272 Solon.
248 2227 274 2269 c.
300 2209 339 2266 32
371 2210 514 2281 servat03
543 2203 658 2266 deinde
683 2205 771 2286 qnod
800 2205 940 2268 Lesbius
969 2203 1023 2266 ille
1054 2203 1194 2285 scriptor
1224 2205 1344 2271 librum

111 2307 291 2390 composuit
314 2307 353 2370 de
368 2312 582 2389 tyrannorum
599 2305 762 2385 eiectionc,
787 2308 826 2370 de
842 2307 989 2388 tyrannis
1006 2305 1146 2384 Siciliae,
1171 2307 1213 2370 de
1230 2309 1343 2390 poetis,

111 2409 307 2473 mentionem
329 2409 405 2473 fecit
418 2408 614 2491 proeliorum
630 2409 844 2472 Artemisiam
860 2415 892 2472 et
908 2407 1086 2486 Salaminii,
1109 2409 1345 2474 miraculorum

109 2535 174 2576 non
214 2512 318 2576 solum
362 2533 447 2594 quae
486 2511 585 2575 Lesbi
624 2511 811 2576 acciderant
855 2510 912 2574 sed
946 2512 1044 2574 etiam
1084 2512 1343 2594 peregrinorum.

112 2617 224 2698 Atque
247 2616 386 2697 primum
410 2615 540 2697 quidem
563 2614 745 2693 videamus,
776 2615 880 2697 qualis
902 2613 1001 2678 fuerit
1023 2614 1076 2676 ille
1098 2613 1182 2678 liber
1205 2614 1250 2680 de
1273 2637 1344 2699 pry-

110 2718 241 2781 tanibus
273 2717 472 2780 Eresiorum.
526 2715 849 2800 Olironographicum
880 2739 953 2780 eum
985 2715 1083 2779 fuisse
1118 2737 1179 2798 ego
1213 2738 1344 2800 quoque

110 2841 169 2902 pro
199 2825 286 2882 certo
323 2819 428 2883 habeo
466 2819 513 2882 ita
542 2826 765 2902 comparatum
797 2826 835 2883 111
865 2819 1066 2901 singularum
1099 2839 1211 2883 rerum
1243 2842 1344 2885 annos

111 2922 303 3005 prytanibus
333 2921 490 2986 definiret.
536 2922 601 2987 Sed
632 2927 765 3005 propter
793 2923 854 2986 hoc
879 2923 985 3005 ipsum
1014 2921 1094 2984 mihi
1116 2921 1255 2986 dubium
1279 2945 1345 2988 esse

113 3025 240 3088 videtur
262 3025 397 3088 Parium
420 3024 609 3105 scriptorem
633 3046 670 3089 eo
692 3027 740 3090 ita
762 3047 857 3090 usum
880 3045 950 3088 esse
972 3031 1009 3087 ut
1031 3045 1090 3107 pro
1111 3025 1249 3106 singulis
1274 3048 1345 3110 pry-

112 3128 243 3191 tanibus
256 3127 377 3190 Eresiis
402 3127 574 3190 archontes
599 3128 741 3210 singulos
757 3134 902 3210 poneret.
936 3127 1033 3207 Nam,
1052 3127 1138 3210 quod
1156 3127 1346 3194 Boeckhius

111 3230 235 3312 profert
263 3231 361 3293 etiam
384 3229 577 3293 archontum
603 3229 855 3295 Atheniensium
877 3231 1059 3294 Phaeniam
1081 3230 1282 3297 mentionem
1304 3233 1346 3298 fe·

112 3333 207 3412 cisse,
239 3353 275 3395 eo
304 3352 369 3394 non
398 3331 588 3414 explicatur,
618 3354 675 3396 cur
697 3334 815 3397 Parius
843 3334 938 3398 homo
961 3355 1026 3397 non
1049 3333 1146 3397 modo
1169 3335 1346 3401 archontes

112 3433 169 3496 sed
193 3433 290 3497 etiam
306 3455 398 3516 reges
411 3434 663 3498 Atheniensium
680 3435 894 3516 adnotaverit,
918 3436 982 3500 sive
999 3456 1051 3499 res
1067 3434 1109 3498 ad
1123 3434 1346 3503 Athenienses

112 3536 176 3600 sive
206 3536 248 3599 ad
271 3536 350 3600 ahos
373 3538 509 3618 populos
532 3537 751 3619 pertinebant.
797 3538 853 3602 An
875 3543 971 3620 putat
995 3557 1049 3600 eas
1073 3536 1177 3600 solum
1201 3541 1346 3621 epochas

112 3659 132 3701 a
154 3639 253 3702 Pario
279 3646 447 3720 excerptas
470 3661 554 3721 esse,
584 3642 617 3704 in
640 3642 756 3722 quihus
781 3641 901 3705 archon
923 3639 1134 3704 Atheniensis
1157 3642 1346 3708 nominatus

112 3739 232 3805 fuerit?
276 3740 436 3823 Quanam,
461 3764 591 3824 quaeso,
615 3764 650 3806 re
674 3743 791 3807 adduci
814 3745 930 3826 potnit,
954 3749 991 3807 nt
1012 3744 1082 3824 ipse
1104 3742 1224 3806 Parius
1248 3745 1346 3810 homo

111 3864 169 3924 pro
200 3843 393 3926 prytanibus
415 3845 605 3909 Eresiorum
634 3845 807 3909 archontes
831 3845 1082 3910 Atheniensium
1109 3845 1143 3908 in
1169 3845 1347 3912 chronicon

111 3967 205 4009 suum
256 3946 448 4011 induceret?
513 3947 666 4012 Profecto
714 3947 804 4012 nullo
854 3948 950 4013 modo
1001 3955 1119 4031 putare
1171 3969 1347 4030 possumus

113 4061 315 4068 ...ύμ-

202 4117 213 4148 b

200 4118 224 4270 ⁴⁵}
241 4117 621 4269 1801113119)ῗὸ(1181211111111111116
640 4221 689 4256 zur
706 4204 814 4273 griech.
831 4205 935 4272 gesch,
954 4225 966 4262 2
984 4221 1011 4271 p.
1031 4205 1072 4255 93.
1109 4201 1288 4267 Brandisins,
1310 4205 1347 4257 de

110 4290 273 4355 temporum
291 4304 381 4357 graec.
395 4288 542 4356 antiquiss.
561 4293 636 4352 ratt,
655 4308 682 4358 p.
698 4291 737 4341 13.
779 4289 915 4342 Stiehlius
928 4289 1072 4358 philologo
1086 4288 1139 4341 vol.
1151 4279 1228 4340 VIII
1240 4305 1267 4355 p.
1281 4291 1347 4355 3985

111 4372 275 4426 adversatus
295 4377 339 4426 est
357 4371 462 4426 Theod.
482 4374 586 4444 Bergk,
605 4376 709 4445 grieoh.
730 4375 889 4445 literaturg.
908 4394 935 4443 p.
955 4378 1006 4427 277
1027 4375 1152 4428 11111125.
