2902 4846
693 178 885 272 „n-

786 442 788 451 ,
815 376 872 443 τὸν
906 374 1104 464 Ἄδραστον.
1119 428 1126 440 .
1141 426 1169 443 ..
1193 375 1413 460 accamanus

817 479 875 545 ἐπὶ
904 479 1026 568 Θήβας.

261 601 377 682 Neque
408 597 573 662 dubitabis
604 600 682 680 quin
706 601 897 664 Hellanicus
930 600 969 664 de
1001 601 1063 664 hac
1085 622 1120 664 re
1142 601 1276 665 loeutus
1299 603 1358 681 sit,
1390 604 1414 666 11

175 703 377 787 reputaveris
400 723 499 783 quam
523 702 671 765 similiter
693 703 859 767 Diodorus
883 708 916 767 et
936 703 1128 767 Hellanicus
1152 703 1206 788 (fr.
1231 707 1274 766 11
1303 711 1338 768 et
1362 704 1414 787 12)

177 808 216 871 de
246 806 350 870 altera
381 805 583 887 expeditione
613 808 825 871 narraverint.
852 845 895 852 ——
919 804 1039 870 Confer
1068 806 1111 869 ad
1138 807 1223 870 hanc
1251 808 1414 889 epocham

176 909 355 991 Pherecyd.
379 909 417 971 fr.
442 912 497 985 833
521 907 749 990 Pseudoapoll.
767 910 833 989 111,
859 914 988 987 6117,
1015 909 1201 991 Asclepiad.
1226 910 1414 992 Tragilena
1445 956 1449 963 -

176 1013 215 1076 fr.
240 1016 280 1075 23
305 1010 430 1094 (Μ11111.
457 1011 517 1075 III
540 1033 571 1093 p.
597 1012 683 1095 305).
1203 1015 1215 1041 ·
1446 1092 1449 1097 Ι

262 1115 347 1196 Epp.
373 1118 413 1176 23
437 1119 470 1176 11
492 1117 543 1176 24.
583 1114 635 1177 De
659 1113 864 1196 expeditione
880 1120 913 1178 et
928 1113 1169 1197 expugnatione
1186 1113 1415 1181 Τ11111111111

176 1219 246 1282 loco
268 1216 358 1297 loqui
382 1214 592 1298 supersedere
608 1237 748 1298 possum.
787 1217 854 1280 Res
871 1224 920 1281 tot
934 1217 1014 1280 locis
1031 1222 1212 1280 memorata
1227 1222 1414 1300 tantaeque

176 1320 345 1402 gravitatis
373 1319 460 1401 apud
483 1341 593 1383 omnes
616 1319 688 1382 illos
712 1320 884 1401 scriptores
907 1320 1080 1384 invenitur.
1127 1319 1181 1402 (cf.
1204 1319 1414 1385 Boeokhium

177 1423 219 1487 ad
241 1424 326 1486 hane
349 1422 530 1505 epocham.)

263 1526 324 1606 Ep.
358 1529 407 1587 25.
459 1525 736 1606 Areopagitarum
767 1524 807 1588 de
838 1524 955 1589 Oreste
986 1524 1141 1588 iudicium
1170 1523 1276 1589 refert
1308 1524 1412 1591 Nicol.

178 1629 404 1693 Damascenus
435 1626 491 1690 frr.
517 1629 558 1690 34
581 1632 613 1690 et
637 1631 676 1689 50
706 1627 765 1710 (M.
788 1628 847 1692 ΠΙ
868 1651 898 1710 p.
924 1632 987 1691 374
1010 1627 1096 1710 sqq.)
1120 1627 1292 1691 nominato
1315 1630 1413 1693 etiam

178 1732 407 1814 Demophonte
435 1751 525 1812 rege,
555 1729 746 1793 Hellanicus
773 1731 955 1813 fragmento
987 1730 1231 1812 corruptissimo
1255 1736 1312 1795 82.
1364 1733 1413 1797 De

178 1835 320 1917 Erigone
345 1833 494 1899 Orestem
523 1833 556 1895 in
585 1833 739 1896 iudicium
768 1841 903 1897 vocante
926 1834 966 1897 of.
991 1833 1191 1899 Simonidem
1213 1834 1412 1919 Amorgium

175 1937 265 2022 (sici)
288 1937 377 2019 apud
399 1936 478 2001 Nat.
502 1935 618 2000 Gemit.
648 1936 785 2018 Mythol.
809 1937 875 2015 IX,
899 1942 918 1999 2
942 1938 1014 2001 coll.
1038 1937 1156 2001 Tzetze
1179 1937 1224 2001 ad
1246 1938 1411 2021 Lycophr.

176 2062 206 2122 p.
242 2043 334 2103 1374.
375 2046 408 2103 et
438 2040 547 2120 Etym.
579 2039 623 2102 M.
655 2060 678 2102 s.
703 2060 730 2100 1.
757 2032 878 2122 Altino
909 2040 954 2124 (p.
978 2044 1036 2119 42,
1061 2040 1109 2125 3),
1140 2041 1196 2106 ubi
1226 2040 1268 2105 de
1301 2042 1412 2106 diebus

175 2143 267 2207 festis
300 2144 356 2224 qui
384 2137 487 2223 αἰώρα
511 2142 663 2205 dicuntur
684 2140 842 2203 institutis
866 2141 900 2225 in
921 2143 1076 2207 honorem
1096 2145 1265 2226 Erigonae
1290 2145 1411 2227 agitur,

176 2246 258 2309 haee
282 2245 413 2327 quidem
438 2245 582 2308 narratio
606 2245 719 2307 Attico
743 2242 900 2324 scriptori
915 2246 994 2308 mihi
1017 2246 1200 2311 addicenda
1223 2246 1367 2311 videtur.

261 2349 323 2431 Ep.
355 2353 405 2411 26.
457 2348 509 2411 Ι)1
540 2347 667 2410 Teucro
697 2346 873 2410 Salaminis
901 2346 1041 2431 Cypriae
1077 2349 1245 2413 conditore
1283 2350 1411 2433 scripsit

175 2456 306 2533 praeter
335 2451 415 2514 alios
436 2450 667 2513 Phanodemus
691 2447 839 2511 Atthidis
870 2450 1009 2533 scriptor
1041 2451 1094 2536 (fr.
1119 2457 1138 2514 8
1162 2451 1199 2515 Μ
1221 2452 1240 2516 Ι
1264 2474 1300 2534 p.
1326 2453 1412 2538 367),

175 2559 246 2616 erat
282 2553 438 2617 dissensio
473 2553 559 2616 unde
598 2550 723 2616 Teucer
753 2552 975 2633 emigravisset
1006 2552 1130 2636 (Strab.
1160 2575 1186 2618 c.
1218 2557 1318 2640 604),
1350 2577 1413 2639 qua

176 2656 306 2737 quidem
334 2679 368 2720 re
398 2656 513 2738 patefit
536 2656 665 2737 saepius
690 2654 729 2718 de
753 2654 815 2718 hac
838 2676 872 2718 re
895 2655 1096 2737 disputatum
1120 2677 1191 2722 esse
1215 2678 1326 2741 neque
1350 2680 1412 2723 non

176 2758 217 2821 ab
241 2759 418 2822 Atthidum
446 2757 676 2840 scriptoribus,
708 2758 862 2840 quoniam
893 2759 1001 2839 agitur
1025 2758 1065 2823 de
1089 2780 1175 2844 pago
1199 2761 1329 2826 Attico.
1374 2760 1412 2826 ef.
1440 2792 1444 2797 ·

175 2861 274 2924 Paus.
301 2861 400 2941 VIII,
428 2864 476 2940 15,
503 2867 537 2939 7,
561 2860 656 2924 Pind.
682 2860 776 2925 Nem.
802 2858 863 2939 IV,
888 2865 938 2923 31.

262 2964 323 3045 Ep.
342 2968 392 3026 27.
433 2963 569 3028 Colonia
593 2962 705 3026 Ionica
728 2962 816 3045 apud
834 2962 1013 3026 Eusebium
1036 2986 1066 3045 p.
1084 2967 1125 3025 60
1141 2962 1208 3026 Hn.
1226 2974 1412 3029 memorata

176 3065 279 3129 fusius
302 3071 438 3130 narrata
461 3066 623 3130 invenitur
646 3066 734 3148 apud
756 3065 933 3129 Aelianum
956 3089 984 3129 v.
1008 3066 1039 3129 h.
1055 3065 1157 3145 VIII,
1183 3068 1212 3143 5,
1237 3066 1353 3151 Etym.
1368 3068 1411 3133 M.

177 3190 200 3231 s.
223 3191 252 3230 v.
276 3164 414 3251 ἑλεγειίς,
439 3167 529 3232 Suid.
554 3189 578 3231 s,
601 3191 628 3231 v.
652 3165 709 3233 τὸν
732 3167 916 3254 Κολοφῶνα
939 3164 1058 3244 ἐπίθες
1081 3175 1113 3232 et
1134 3162 1251 3232 Ἰωνία.
1302 3170 1411 3237 Strab.

176 3292 202 3334 e.
228 3275 304 3348 6333
329 3271 428 3333 Paus.
453 3270 534 3350 VII,
559 3275 587 3350 2,
617 3276 642 3333 l.

261 3373 346 3454 Epp.
370 3377 410 3435 28
437 3379 470 3436 ot
497 3377 537 3436 29
574 3373 737 3453 omittam,
775 3380 823 3437 est
857 3373 988 3455 quidem
1019 3372 1192 3455 singularis
1220 3374 1319 3439 Parii
1346 3376 1411 3441 sive

176 3475 244 3538 eius
272 3475 370 3538 sontis
394 3476 554 3538 sententia
576 3475 672 3557 plane
696 3476 814 3539 obruta
837 3498 856 3539 a
880 3476 1166 3558 grammaticorum
1189 3479 1411 3558 posteriorum

176 3578 488 3660 computationibus,
520 3579 567 3642 ita
590 3584 627 3641 ut
650 3578 738 3660 apud
760 3579 970 3660 paucissimos
995 3583 1100 3641 exstet
1124 3577 1176 3662 (cf.
1201 3578 1410 3645 Boeokhium

176 3679 218 3743 ad
248 3680 308 3743 has
337 3680 502 3765 epochas).
549 3680 642 3764 Quae
670 3680 841 3763 paullatim
869 3687 942 3744 orta
974 3681 1015 3743 sit
1043 3681 1199 3745 dissensio
1228 3681 1270 3746 de
1302 3690 1411 3750 aetate

175 3782 312 3846 Homeri
334 3785 484 3865 cognosci
506 3784 581 3847 licet
605 3805 643 3846 ex
666 3782 807 3847 Tatiano
836 3783 906 3847 adv.
933 3783 1077 3848 Graecos
1100 3804 1126 3846 1.
1152 3787 1203 3847 31.

217 3884 280 3968 Ep.
307 3885 404 3971 30.‘-'⁶)
445 3881 519 3972 'Ap’
544 3874 580 3949 ot
607 3881 789 3971 tilleildtovl
857 3886 937 3952 Eus.
955 3890 995 3949 74
1010 3886 1079 3950 Hh.
1117 3881 1246 3949 Φείδων
1273 3882 1411 3975 Ἄργους

173 3980 353 4071 ὁἎργεῖος
382 3985 546 4075 1111111111
571 3985 612 4052 τὰ
634 3984 762 4073 plaiano
815 3991 940 4071 κρατῶν
984 3982 1125 4074 ἀδελφὸς
1157 3994 1317 4073 Κραναοῦ
1355 3994 1410 4057 τοῦ

175 4087 230 4152 καὶ
275 4083 480 4174 dlasoaen'otos
524 4089 580 4155 καὶ
620 4084 788 4174 νόμισμα)
814 4087 846 4151 α’
879 4088 1038 4171 βασιλέως
1070 4087 1271 4157 Μαιεὸόνων
1309 4092 1411 4181 μέτρα

173 4229 252 4237 -..
263 4231 376 4237 ...-.--..

264 4309 299 4377 ²⁶)
318 4309 389 4362 Inde
408 4312 443 4363 ab
462 4311 515 4363 hac
533 4311 641 4379 epocha
660 4311 755 4364 deficit
775 4329 844 4379 opus
857 4312 976 4365 Diodori
995 4314 1062 4365 solis
1082 4312 1253 4382 fragmentis
1266 4318 1405 4383 servatis;

175 4395 360 4449 difficillimus
379 4396 467 4465 igitur
485 4397 600 4466 cognitu
619 4414 710 4464 neque
730 4415 841 4465 sempor
860 4403 954 4450 certus
972 4415 1123 4452 connexus.
