2902 4846
742 259 746 262 ,
771 162 811 263 14

174 376 305 440 fontem.
365 369 556 453 Continget,
595 371 718 452 opinor,
756 376 792 433 nt
832 370 1021 452 detegamus
1059 390 1079 432 a
1116 367 1228 450 primo
1271 368 1400 433 omniurn

175 476 423 560 chronographo
447 496 549 557 usquo
572 474 614 537 ad
637 496 823 555 supremum
846 473 1088 537 cohaerentiam
1117 472 1296 553 quandam
1329 492 1400 555 quae

175 604 233 646 nos
257 581 296 644 de
319 578 462 643 fontibus
487 578 585 641 etiam
607 578 776 640 rnarnmris
801 577 939 640 docebit.

262 683 347 747 Tum
370 682 467 745 etiarn
491 680 784 743 demonstrabimus
807 679 945 741 liberum
967 699 1035 741 esse
1051 698 1201 741 marmor
1216 676 1400 741 Aristotelia

174 785 354 851 rationibus
385 790 455 846 tum
484 805 559 846 reia
587 782 834 846 emendantibus
863 786 933 843 tum
959 781 992 843 in
1021 780 1114 861 peius
1144 780 1399 855 immutantibus,

176 890 267 953 ouius
303 888 350 950 rei
386 893 423 950 ut
457 909 557 949 unum
591 886 653 948 hoc
685 885 755 947 loco
791 882 925 946 afferam
961 890 1210 964 argumentum,
1248 904 1400 966 nusquam

176 991 356 1070 Diodorus,
402 1011 562 1071 nusquam
602 988 763 1051 Eusebius
808 986 910 1049 ullum
948 986 1138 1050 Aristotelis
1184 987 1400 1051 testimouium

175 1095 296 1160 retulit.
342 1092 459 1175 Neque
487 1098 568 1174 puto
599 1112 652 1154 eos
683 1089 725 1152 ad
748 1089 961 1152 Aristotelem
989 1089 1177 1169 accessisse,
1209 1091 1272 1153 sed
1300 1110 1341 1154 ex
1360 1108 1402 1152 ve·

176 1197 369 1262 tustioribus
398 1202 440 1271 et,
456 1193 703 1276 simplicioribus
732 1193 875 1256 fontibus
903 1193 1064 1272 hausisse,
1093 1198 1131 1254 ut
1158 1212 1200 1255 ex
1224 1178 1420 1271 Hanania,

177 1301 374 1365 Philochoro
398 1297 527 1379 saepius
550 1297 667 1374 citatis,
690 1317 771 1378 (quos
796 1296 926 1378 quidem
941 1297 1003 1377 ipsi
1022 1316 1086 1358 non
1111 1295 1335 1377 inspexerunt
1353 1292 1402 1359 sed

177 1410 287 1467 tamen
309 1403 342 1464 in
364 1401 507 1464 fontibus
530 1398 704 1462 adnotatos
720 1400 920 1462 invenerunt.
958 1398 1115 1461 Marmori
1130 1398 1235 1480 igitur
1249 1404 1291 1463 ut
1306 1398 1402 1462 locum

178 1505 323 1570 debitum
354 1503 536 1566 tribuamus
580 1501 720 1583 primum
750 1501 856 1564 fontes
899 1522 955 1563 seu
988 1501 1103 1565 similia
1136 1500 1228 1583 apud
1261 1506 1402 1583 posteros

176 1609 300 1673 tradita
330 1612 478 1688 spectaro
501 1604 670 1682 debemus.
699 1604 814 1667 deinde
838 1604 1093 1686 chronologiam,
1125 1625 1228 1685 quam
1251 1601 1404 1689 singulari

178 1712 284 1793 capite
319 1709 478 1773 tractabo.
534 1707 647 1789 Atque
681 1707 714 1770 in
748 1707 886 1770 fontium
920 1708 1105 1770 recensione
1137 1707 1186 1770 ita
1222 1729 1339 1790 agam,
1372 1710 1404 1769 ut

177 1815 316 1896 primum
340 1811 494 1875 adnotem
516 1833 624 1874 rerum
649 1817 838 1888 concentus,
865 1815 1049 1890 temporum
1072 1810 1214 1886 ratione,
1246 1816 1405 1893 quatenus

177 1917 247 1980 fieri
268 1921 386 1998 potest,
411 1915 538 1992 omissa,
564 1912 680 1976 deinde
705 1913 877 1994 colligam,
890 1934 974 1994 quae
991 1935 1030 1977 ex
1045 1913 1083 1975 iis
1101 1920 1298 1994 sequantur.
1339 1913 1407 1977 Hac

178 2019 308 2101 quidem
330 2020 364 2081 in
386 2019 571 2080 recensione
595 2016 873 2098 t'elrianl‚])1·8001',
897 2017 976 2079 mihi
996 2017 1116 2080 habeat
1131 2015 1236 2080 lector
1253 2017 1282 2080 si
1301 2016 1409 2081 eadem

178 2122 307 2203 saepius
329 2125 489 2202 repetann
512 2141 551 2183 ne
575 2141 648 2182 eum
670 2118 804 2200 fatigem
828 2120 1009 2201 singulares
1031 2125 1143 2201 partes
1166 2118 1207 2182 de
1224 2117 1409 2184 Siculorum

178 2222 377 2309 hist01·ia¹⁰),
407 2223 446 2287 de
469 2222 597 2306 Pythiis
626 2223 886 2307 instanr·atis¹¹),
918 2223 958 2286 de
981 2222 1197 2286 Macedonum
1224 2223 1364 2306 regibus
1373 2220 1410 2307 ¹²)

178 2327 324 2391 hocloco
341 2327 497 2403 omittam,
519 2326 596 2407 quia
612 2331 727 2406 postea
742 2347 800 2406 per
816 2347 849 2389 se
865 2326 1107 2404 tractabuntur,
1133 2326 1173 2389 de
1189 2326 1410 2392 Macedonum
1445 2358 1449 2411 ,ς

102 2490 114 2498 .
178 2430 309 2512 regibus
333 2430 412 2493 satis
429 2429 580 2497 disseruit
597 2428 636 2490 de
654 2426 849 2492 (lutschmid
866 2429 932 2513 (die
951 2429 1201 2494 makedonische
1218 2429 1410 2512 anagraphc

180 2532 289 2616 Syrnb.
313 2533 401 2614 phil,
424 2533 541 2612 Bonn,
566 2530 584 2593 Ι
607 2554 638 2613 p.
665 2532 750 2615 101).

264 2636 459 2699 Exscribam
492 2634 635 2717 singulos
667 2635 755 2698 locos
786 2656 970 2717 ponamque
1003 2655 1042 2698 ex
1075 2633 1211 2697 adverso
1244 2641 1284 2699 ut
1313 2637 1412 2700 mirus
1444 2632 1449 2657 ''

181 2739 277 2802 etiam
300 2739 333 2800 in
357 2739 462 2801 vorbis
487 2759 662 2801 consensus
686 2739 836 2819 cognosci
859 2738 972 2819 possit.
1447 2732 1449 2737 ’

223 2876 286 2958 Ep.
302 2880 329 2938 1.
356 2869 429 2960 Ἀφ’
455 2862 491 2936 οὗ
515 2871 653 2958 Κέκροψ
671 2868 766 2961 Ἀθη·
793 2882 795 2947 ζ
863 2875 941 2938 Eus.
957 2897 987 2956 p.
1003 2877 1043 2936 24
1058 2874 1125 2937 Η11.
1161 2869 1304 2959 Κέκροψ
1328 2871 1346 2941 ὁ
1371 2875 1413 2941 δι-

180 2982 243 3042 νῶν
256 2973 440 3061 ἐβασίλευσε
451 2972 638 3063 καὶὴχιόρα
648 2981 767 3062 Κεκρο-
793 3008 795 3065 3
820 2976 904 3064 φυὴς
933 2972 1061 3065 llario,
1108 2979 1162 3039 νῦν
1196 2974 1232 3039 δὲ
1262 2973 1414 3067 Ἀττικῆς

182 3078 246 3146 niu
269 3079 391 3168 ἐκλήθη
414 3078 451 3145 τὸ
478 3075 633 3165 πρότερον
656 3081 767 3144 autor·
793 3072 795 3167 i
820 3077 1022 3164 ἐβασίλευσεν
1045 3074 1100 3165 ἔω]
1123 3077 1159 3142 ν’.

214 3179 640 3205 1111111
754 3172 795 3205 nl
1009 3175 1329 3211 >‚).ni-

180 3210 258 3271 perp
275 3189 408 3270 Ακτικη
436 3209 505 3248 asro
525 3190 677 3248 Amator
710 3207 767 3247 ror
793 3246 795 3267 ‚
864 3189 903 3247 26
919 3185 981 3246 He.
1007 3186 1074 3246 Arc
1108 3203 1207 3243 oiuoo
1231 3182 1268 3245 da
1292 3190 1413 3271 herpo·

181 3282 379 3367 αῧτόχθονος
401 3287 469 3350 κτλ.
792 3276 795 3323 l
821 3283 885 3350 niu
908 3282 925 3373 r]
949 3283 1036 3371 χώρα
1059 3283 1190 3372 ἐκλήθη.

267 3425 319 3488 De
346 3430 474 3488 vetusto
498 3425 631 3488 Atticae
659 3425 786 3487 nomine
815 3423 1037 3487 dissenserunt
1066 3423 1270 3504 grammatici
1294 3425 1413 3506 graeci,

180 3528 373 3592 vetustiores
397 3528 626 3591 derivaverunt
649 3527 827 3590 secundum
850 3527 1055 3609 Stephanum
1079 3526 1277 3608 Byzantium
1296 3522 1414 3615 Ἀκτήν

182 3631 224 3694 ab
247 3632 417 3694 Actaeone
445 3631 573 3694 homine
602 3631 769 3712 indigena,
807 3630 1029 3712 Apollodorus
1060 3635 1092 3693 et
1123 3629 1179 3710 qui
1201 3651 1276 3693 eum
1300 3652 1414 3714 seque·

182 3733 304 3797 bantur
331 3755 351 3795 a
376 3734 593 3816 prominentia
616 3739 733 3797 terrae.
779 3733 936 3801 Videmus
959 3734 1058 3816 igitur
1081 3732 1167 3795 unde
1191 3732 1414 3817 discrepantia

183 3843 255 3900 orta
284 3837 341 3899 sit:
370 3836 594 3918 Apollodorus
626 3837 748 3918 primus
773 3838 910 3916 exstitit,
942 3837 997 3919 qui
1019 3837 1114 3900 aliter
1137 3837 1176 3899 de
1198 3837 1260 3899 hoo
1283 3841 1415 3903 nomine

183 3945 352 4003 statueret.
407 3939 586 4002 Pristinam
619 3961 696 4003 vero
730 3940 963 4003 derivationem
997 3961 1061 4003 non
1097 3939 1307 4003 obliteratam
1343 3963 1414 4007 esse

273 4227 306 4294 ¹⁰)
326 4245 388 4294 epp.
409 4230 451 4291 50,
470 4229 512 4291 53,
531 4229 572 4292 55,
591 4231 633 4293 62,
652 4231 693 4281 74.
730 4229 794 4281 vide
813 4228 888 4281 infra
907 4246 967 4296 cap.
986 4228 1017 4281 ΙΙ
1036 4231 1051 4299 ς’
1071 4230 1096 4282 2.

273 4315 306 4380 ¹¹)
327 4331 388 4380 epp.
409 4316 450 4378 37,
471 4317 512 4370 38.
543 4315 607 4366 vido
625 4315 698 4367 infra
717 4332 777 4383 cap.
797 4315 852 4368 III.

271 4400 305 4469 ¹²)
325 4417 387 4467 epp.
406 4401 448 4464 58,
467 4403 508 4466 b'l,
529 4403 570 4466 74,
589 4404 622 4454 76
641 4404 706 4470 (seo.
726 4401 919 4469 Boeckhium').
