2902 4846
698 175 739 235 42

657 263 671 268 ..
683 264 692 268 .
703 263 819 270 ..-,--,

108 383 157 440 est
204 395 348 455 unquam
389 396 446 439 nos
487 382 545 439 aut
577 376 670 441 Parii
706 379 849 443 auctoris
883 384 941 442 aut
974 379 1190 444 Atheniensis

108 480 297 542 inventuros
321 500 400 560 esse,
426 479 483 543 sed
506 485 615 544 tamen
640 480 679 544 dc
703 503 799 564 opere
821 482 892 563 ipso
915 482 1049 566 eiusque
1074 482 1193 548 habitu
1218 512 1221 548 r

109 582 278 645 enucleare
307 604 401 664 posse
433 582 512 646 mihi
547 581 667 664 videor,
700 585 787 648 unde
817 585 929 649 multis
962 607 1047 666 quae
1070 608 1221 652 occurrur

109 685 282 768 crepantiis
307 684 531 768 explicationis
555 691 588 750 et
612 687 744 752 luminis
766 687 890 769 aliquid
913 687 1079 753 afferetur.

604 1113 759 1179 onrur
790 1113 837 1177 11.

684 1302 702 1387 s
730 1307 756 1365 1.

307 1445 348 1508 ue
371 1443 610 1525 synchronismis
635 1444 684 1522 oui
708 1443 777 1508 runt
802 1444 829 1507 in
855 1459 1005 1508 marmore
1030 1444 1129 1508 Pario.

198 1613 376 1696 Complura
403 1613 490 1677 facta
518 1613 705 1695 saepissime
731 1614 796 1677 trie
824 1615 857 1676 in
886 1636 986 1677 unum
1016 1636 1139 1678 annum
1166 1615 1213 1677 rel

112 1739 286 1800 congerere
324 1723 448 1781 veteres
483 1716 723 1810 chronographi
755 1737 819 1779 non
851 1716 952 1780 solum
990 1715 1110 1780 Graeci
1146 1719 1202 1781 scd

110 1821 249 1885 Romani
273 1820 431 1884 solebant.
476 1820 668 1884 inventores
692 1840 767 1882 vero
790 1819 885 1883 huius
908 1820 1044 1884 rationis
1062 1819 1183 1886 Graeci
1200 1820 1221 1883 cl

110 1922 226 2005 graphi
249 1922 347 1986 fuisse
369 1924 528 1987 videntur.
573 1922 603 1985 Ε
628 1922 745 2004 quibus
769 1945 841 1986 cum
865 1923 1010 1988 historici
1033 1923 1121 1987 velut
1143 1925 1221 1988 Hert

111 2032 142 2089 et
166 2026 374 2108 Thucydides
406 2048 514 2090 rerum
545 2025 747 2107 temporibus
781 2025 970 2090 definiendis
1001 2025 1067 2090 fere
1099 2028 1180 2091 nihil
1215 2053 1221 2088 1

111 2136 285 2194 parassent
313 2130 522 2212 posteriores,
554 2134 728 2210 postquam
750 2128 846 2191 etia-m
869 2129 933 2192 huc
957 2130 1102 2194 animum
1124 2136 1221 2194 attem

111 2234 292 2313 artificiose,
317 2239 353 2296 ut
376 2233 422 2295 ita
446 2232 561 2310 dicam,
585 2231 641 2295 illo
663 2231 783 2294 auxilio
812 2232 861 2294 usi
889 2232 1184 2315 chronographiam
1210 2256 1221 2298 ε

111 2347 230 2400 xerunt
254 2337 279 2399 si
303 2358 367 2399 non
391 2341 492 2399 totam
517 2340 551 2397 at
573 2355 691 2415 magna
714 2357 752 2397 ex
775 2340 870 2416 parte
885 2335 1046 2399 ficticiam.
1084 2336 1160 2400 Hoc
1175 2337 1221 2401 lor

112 2440 151 2504 de
175 2439 424 2521 synclnonismis
447 2439 626 2520 scripturus
646 2438 706 2500 sim
728 2438 884 2520 imprimis
900 2438 1034 2502 Parium
1050 2439 1221 2522 chronogrr

112 2543 231 2625 quique
256 2543 298 2606 ad
322 2564 394 2605 eum
417 2541 582 2624 pertinent
605 2546 753 2604 auctores
777 2541 941 2623 spectabo.

199 2645 269 2709 Iam
300 2644 462 2707 Herodoti
491 2642 692 2724 temporibus
720 2666 831 2726 pugna
861 2643 1040 2709 Salaminia
1069 2650 1102 2707 et
1131 2646 1221 2709 Himr

113 2747 215 2810 eidem
240 2745 304 2809 diei
327 2745 592 2809 attribuebantur
615 2745 752 2829 (Herod.
779 2744 858 2826 VH,
886 2747 970 2829 166),
994 2753 1110 2830 postea
1132 2749 1221 2812 Himr

112 2856 145 2913 et
177 2848 462 2932 Thermopylensis
499 2847 611 2932 (Diod.
644 2847 709 2925 XI,
746 2851 818 2932 24),
855 2849 968 2914 eodem
1000 2849 1095 2914 modo
1130 2874 1217 2934 pugn

112 2953 267 3027 Plataeas
297 2959 329 3016 ct
357 2951 400 3015 ad
428 2951 576 3034 Mycalen
606 2952 796 3016 commissae
827 2952 940 3037 (Diod.
964 2953 1029 3031 XI,
1055 2957 1105 3029 36,
1130 2954 1218 3016 Plut.

112 3078 137 3119 c.
164 3055 229 3141 19).
277 3055 345 3120 Nos
372 3054 429 3119 ubi
457 3054 496 3117 de
526 3053 776 3136 synchronismis
802 3056 966 3137 loquimur
995 3056 1152 3138 imprimis
1181 3057 1221 3120 de

111 3157 190 3222 ficiis
218 3156 519 3222 Alexandrinorum
546 3156 742 3239 cogitamus,
781 3157 899 3240 quibus
928 3164 1039 3222 nostra
1066 3158 1196 3222 demum

112 3261 248 3324 detectis
274 3260 532 3324 demonstratum
555 3264 617 3338 est,
647 3281 711 3340 quo
737 3261 833 3327 modo
864 3262 895 3324 in
923 3261 1020 3324 rebus
1049 3261 1182 3325 incertis
1210 3283 1221 3324 ε

111 3364 158 3426 illi
181 3363 327 3426 historici
350 3364 405 3445 qui
429 3363 629 3427 dicebantur.
675 3363 726 3426 Ex
749 3364 878 3427 illorum
906 3385 1081 3444 eorumque
1104 3364 1221 3447 discipr

112 3467 299 3530 commentis
323 3467 425 3528 evasit
447 3466 546 3530 trium
569 3466 767 3547 tragicorum
791 3473 882 3529 aetas
905 3466 947 3530 ad
964 3488 1107 3548 pugnam
1124 3466 1221 3531 Salan

112 3570 160 3652 (et
203 3568 245 3632 ad
288 3590 407 3632 armum
449 3568 623 3654 Calliadis)
667 3569 788 3649 relata,
831 3570 932 3632 evasit
969 3591 1055 3632 mors
1096 3569 1221 3653 Sophos

112 3673 280 3755 Euripidis
317 3694 389 3735 cum
423 3670 594 3735 Ranarum
620 3671 883 3754 Aristophaneae
917 3673 1042 3735 actione
1075 3674 1221 3737 coniunct

112 3776 232 3841 chonte
252 3775 373 3854 Callia,
403 3775 506 3838 evasit
533 3780 623 3838 aetas
651 3773 774 3838 Pittaci
805 3773 922 3837 Alcaei
953 3774 1139 3857 Sapphouis
1170 3798 1221 3838 arr

111 3879 296 3962 Phryncnis
319 3900 405 3942 anno
429 3877 576 3955 delinita,
605 3877 771 3942 Hellanici
793 3877 955 3941 Herodoti
979 3878 1179 3960 Thucydidis
1206 3878 1221 3941 h

113 4002 224 4046 corum
248 3988 339 4046 aetas
361 3981 453 4044 initio
478 3980 554 4044 belli
576 3980 844 4062 Peloponnesiaci
875 3980 1134 4062 circumscripta,
1164 4004 1221 4045 eva

113 4083 251 4166 denique
296 4086 514 4167 Anaxagoras
560 4085 712 4150 Socrates
749 4082 924 4166 Euripides
970 4084 1132 4164 aequales
1202 4085 1221 4147 E

113 4186 230 4250 studiis
268 4188 404 4252 fortasse
443 4186 643 4252 attribuendi
683 4191 758 4249 sunt
791 4185 937 4250 Socratis
972 4208 1076 4249 annus
1111 4187 1221 4250 natalis

112 4289 237 4372 phoclis
270 4291 375 4372 prima
406 4292 557 4367 victoria,
590 4289 744 4371 Aeschyli
777 4291 913 4353 secessio
945 4291 977 4352 in
1007 4287 1151 4362 Siciliam
1181 4312 1221 4352 ar=

113 4393 324 4479 Apsephione
360 4431 403 4440 -
441 4393 631 4461 Alexander
668 4391 780 4459 eadem
814 4399 908 4457 nocte
945 4399 1041 4456 natus
1079 4414 1144 4475 qua
1177 4400 1221 4456 ter
