2902 4846
625 866 781 933 curun
805 867 833 932 1.

392 989 451 1080 De
483 1001 650 1081 auctore
681 989 907 1082 Marmoris
940 989 1065 1082 Parii.

194 1178 272 1259 Qrta
295 1175 429 1239 rotrone
450 1172 487 1236 ia
511 1174 714 1237 contexendo
737 1173 891 1237 chronico
914 1195 999 1237 usas
1021 1172 1069 1237 sa
1090 1174 1267 1260 atquibus

431 1299 474 1340 ax
486 1276 648 1362 sontibus
670 1275 838 1361 zinprr'mz's
860 1275 1024 1341 hauserit.

199 1467 322 1532 Multas
345 1466 407 1528 uiri
429 1465 516 1529 docti
538 1463 745 1546 protulerunt
768 1465 963 1545 sententias,
993 1463 1073 1546 quid
1095 1464 1235 1528 voluerit
1258 1485 1343 1529 mar-

109 1572 211 1636 moris
241 1575 368 1647 auctor,
399 1589 472 1631 cum
501 1571 551 1632 tot
580 1588 631 1630 res
661 1567 825 1631 rarissime
855 1567 940 1631 inter
970 1587 1004 1630 se
1034 1565 1245 1631 cohaerentes
1278 1588 1343 1631 una

108 1674 227 1738 tabula
243 1670 521 1753 complecteretur.
560 1669 697 1734 Plurimi
714 1670 897 1734 sentiebant
911 1667 1067 1750 imprimis
1083 1689 1157 1732 eum
1173 1669 1342 1734 literarum

110 1776 271 1841 historiae
286 1794 418 1856 operam
435 1772 570 1851 dedisse,
590 1771 732 1852 adducti,
752 1772 815 1834 nisi
835 1771 940 1851 fallor,
962 1771 1135 1853 praecipue
1150 1772 1340 1854 posterioris

115 1879 221 1962 partis
250 1898 333 1957 quae
357 1880 504 1938 servatur
526 1880 726 1956 argumento.
773 1873 838 1938 Sed
867 1879 973 1937 totum
998 1878 1082 1956 'opus
1112 1875 1341 1958 contemplato,

114 1980 213 2045 facile
235 1980 295 2043 tibi
317 1977 490 2060 apparebit
512 1998 577 2040 non
600 1977 705 2040 minus
727 1975 864 2040 aliarum
887 1997 996 2039 rerum
1019 1976 1179 2041 rationem
1195 1977 1343 2044 habitam

110 2105 191 2149 esse.
242 2082 288 2146 Ut
315 2080 456 2143 breviter
486 2079 610 2158 dicam,
647 2079 731 2142 inter
754 2078 895 2160 epochas
923 2080 1132 2161 septuaginta
1161 2081 1304 2163 quinque
1315 2082 1341 2165 ¹)

109 2184 304 2270 (secundum
313 2181 516 2245 Boeckhium
532 2181 571 2244 cf.
589 2201 671 2262 quae
684 2179 769 2244 infra
781 2180 824 2244 ad
837 2201 886 2263 ep.
899 2185 938 2244 76
952 2181 1123 2267 disseram)
1135 2181 1344 2249 inveniuntur

110 2287 227 2369 viginti
250 2291 333 2362 octo,
363 2305 446 2365 quae
468 2284 639 2347 literarum
661 2283 831 2347 historiam
853 2289 1005 2364 tractent,
1029 2285 1069 2349 de
1092 2285 1210 2368 quibus
1233 2291 1343 2351 tamen

111 2388 324 2453 deducendae
355 2391 431 2450 sunt
462 2407 531 2466 sex,
560 2407 643 2467 quae
673 2385 768 2450 simul
795 2387 892 2450 etiam
914 2386 996 2450 alias
1019 2408 1070 2450 res
1093 2394 1238 2452 narrent.
1283 2388 1342 2469 At,

109 2491 254 2573 inquies,
285 2490 318 2552 in
346 2489 525 2570 posteriore
555 2494 648 2569 parte
672 2487 858 2552 dominatur
881 2487 1020 2553 historia
1042 2488 1224 2569 literarum3
1255 2496 1343 2556 recte

109 2596 174 2658 hoo
197 2591 342 2675 quidem,
370 2590 427 2654 sed
450 2590 596 2670 attende,
621 2610 756 2672 quaese,
782 2589 825 2654 ad
847 2590 982 2655 Eusehii
1006 2612 1176 2672 canonem,
1199 2591 1343 2656 invenies

110 2697 211 2761 etiam
243 2693 331 2775 apud
357 2692 448 2757 illurn
470 2694 508 2756 iis
532 2693 663 2774 quidem
685 2693 886 2776 temporibus
920 2694 1080 2776 imprimis
1114 2694 1343 2760 1111111111-

108 2797 199 2862 ferri.
248 2795 391 2859 Evolvas
424 2796 451 2858 si
478 2797 587 2878 placet
627 2795 777 2860 editionis
807 2795 1030 2862 Schoenianae
1057 2819 1088 2879 p.
1120 2801 1195 2877 111,
1225 2798 1281 2862 ubi
1309 2798 1343 2863 in

109 2898 305 2980 Hieronymi
338 2898 598 2981 chronographia
627 2899 714 2962 inter
745 2899 862 2980 viginti
892 2920 990 2962 unam
1022 2899 1161 2981 epochas
1194 2900 1344 2964 undecim

110 3003 151 3066 de
175 3002 345 3064 literarum
368 3000 505 3064 historia
527 3007 638 3083 agunt.
684 3003 797 3083 Atque
821 3002 848 3065 si
871 3022 1000 3065 causam
1023 3000 1119 3064 huius
1141 3001 1187 3064 rei
1214 3002 1343 3083 quaeris

112 3126 180 3169 non
204 3102 421 3166 dubitandum
444 3110 507 3182 est,
533 3104 611 3186 quin
633 3109 809 3185 propterea
831 3103 969 3167 maxime
992 3103 1075 3167 tales
1098 3124 1150 3167 res
1173 3104 1345 3168 retulerint

112 3204 365 3286 chronographi,
390 3205 477 3286 quod
499 3206 656 3288 imprimis
680 3212 713 3270 et
735 3206 801 3270 fere
825 3207 914 3271 solae
934 3205 1056 3270 tabulis
1078 3210 1230 3270 narratae
1251 3212 1344 3270 erant

110 3307 328 3388 omnibusque
343 3307 459 3389 inspici
476 3314 661 3389 potuerunt.
700 3307 733 3372 N
735 3329 797 3388 am,
818 3329 890 3373 cum
906 3330 957 3372 res
973 3315 1085 3390 gestae
1101 3307 1167 3372 fere
1183 3329 1344 3390 nusquam

107 3409 305 3493 expressim,
343 3414 380 3471 ut
402 3409 449 3472 ita
471 3409 590 3490 dicam,
625 3415 848 3492 narrarentur,
872 3410 930 3475 sed
962 3430 980 3474 e
1011 3410 1157 3492 lapidum
1188 3411 1344 3474 memoria

108 3511 288 3578 eliciendae
312 3516 429 3589 essent,
461 3512 516 3592 qui
540 3512 579 3575 de
602 3513 748 3594 mortuis,
771 3512 966 3592 foederibus,
989 3513 1079 3594 pacis
1104 3512 1344 3577 conditionibus

108 3614 264 3696 agebant,
288 3613 443 3676 victoriae
467 3619 638 3695 poetarum
662 3636 701 3679 ea
724 3622 849 3696 aetate,
878 3635 961 3697 quae
984 3615 1154 3680 historiam
1175 3615 1344 3680 literarum

110 3722 244 3800 praeter
267 3716 348 3778 alias
371 3711 548 3795 tractabat,
573 3717 701 3782 disertis
717 3719 823 3782 verbis
839 3717 1003 3800 lapidibus
1018 3716 1191 3781 mandatae
1208 3717 1344 3804 erantl)

198 3817 302 3881 Aliud
326 3823 376 3880 est
399 3837 565 3898 quaerere,
589 3821 680 3884 cuius
703 3821 907 3902 potissimum
930 3821 1070 3885 civitatis
1086 3840 1138 3885 res
1153 3820 1345 3884 tractaverit

109 3926 237 3984 auctor.
293 3919 406 3982 Primo
454 3918 571 3985 obtutu
608 3924 750 3988 occurrit
788 3921 1049 3987 Atheniensium.
1097 3921 1185 3988 Nam
1220 3922 1347 3986 etiamsi

197 4107 219 4175 ¹)
238 4105 359 4159 exclusis
385 4122 448 4173 epp.
467 4108 496 4171 8,
514 4108 558 4173 47,
578 4110 625 4174 78,
651 4125 769 4176 quarum
788 4113 987 4178 argumentum
1005 4109 1146 4163 incertum
1166 4111 1221 4172 est,
1246 4107 1345 4161 addita

106 4196 204 4245 tamen
225 4209 268 4260 ep.
288 4194 321 4244 67
341 4191 377 4244 de
397 4191 611 4258 Astydemante.

196 4275 272 4345 ²)cf.
290 4276 397 4346 Bergk,
422 4278 609 4333 verzeichniss
639 4280 689 4334 der
713 4279 791 4349 siege
821 4280 1028 4334 dramatischer
1052 4279 1162 4334 diohter
1184 4280 1215 4331 in
1237 4279 1344 4332 Athen.

106 4362 181 4416 Mus.
201 4361 294 4415 Rhen.
315 4363 389 4428 1879,
408 4380 435 4430 p.
455 4364 507 4415 292
527 4380 562 4418 ss.
