2940 4844
704 259 731 266 n„
789 163 828 231 is

123 426 126 433 .
195 366 235 440 de
269 379 373 441 morte
416 373 602 439 Danaidum
644 374 744 439 serius
784 375 906 437 inserta
938 377 1004 450 est3
1053 393 1156 454 neque
1191 376 1300 435 exstat
1335 366 1423 454 apud

195 477 401 542 Herodotum
424 479 471 559 II,
498 483 568 542 182.
585 478 761 541 —Parius
785 483 898 541 auctor
921 475 1043 559 primus
1064 481 1334 556 penteeoutorum
1351 495 1422 537 oum

194 581 430 663 quinquaginta
446 581 652 645 Danaidihus
676 584 905 644 commemorat
928 585 960 642 et
988 599 1183 659 quamquam
1207 577 1283 640 inde
1308 597 1423 640 narem

194 704 311 746 nomen
326 682 456 747 duxisse
472 705 536 747 non
553 685 638 748 clare
650 684 729 748 dicit
740 689 809 746 toto
822 687 930 746 tamen
945 681 1058 745 habitu
1073 680 1245 744 verborum
1261 678 1424 761 signifieat

193 792 230 849 ut
264 786 346 849 solet
391 785 444 870 (cf.
480 807 528 869 ep.
565 786 608 871 5).
665 785 791 850 Narem
832 785 1010 866 simplicem
1052 785 1191 866 primum
1232 782 1423 846 aedificasse

193 889 345 951 Danaum
368 889 462 952 multi
484 888 638 970 referunt,
661 889 753 952 iniis
777 889 899 970 Hygia.
923 887 988 949 fab.
1014 891 1091 965 2773
1117 886 1202 950 Plin.
1229 881 1309 961 VH,
1335 889 1377 948 56

235 992 299 1074 Ep.
323 994 371 1054 10.
410 985 485 1077 Ἀφ’
509 979 545 1054 οὗ
566 985 779 1076 Ἐριχ]θο’νιος
878 991 956 1053 llus.
975 992 1014 1052 32
1027 989 1092 1070 Hg.
1114 983 1314 1073 Ἐριχθόνιος
1338 986 1425 1073 ἅρμα

193 1088 439 1179 Παναθηναίοις
455 1097 522 1172 τοῖς
540 1091 681 1178 πρώτοις
698 1117 780 1178 yero-
836 1094 965 1173 πρῶτος
981 1089 1130 1177 Ἓλλησιν
1142 1088 1281 1176 ἐφεῦρεν,
1306 1080 1345 1177 ἦν
1368 1087 1426 1175 γὰρ

193 1193 299 1276 μένοις
343 1194 429 1282 δίρμοι
473 1191 593 1276 ἔζευξεν
630 1197 685 1261 καί
724 1195 781 1262 τὸν
835 1189 904 1258 circi>
927 1192 1149 1280 yloqdoiqmv.²⁰)

194 1292 302 1381 ἀγῶνα
325 1295 481 1362 ἐδείκνυεν
503 1299 570 1362 κτλ.
607 1300 780 1382 dequibus
878 1298 1040 1380 Harpoer.
1063 1319 1086 1359 s.
1110 1319 1138 1360 v.
1191 1293 1424 1381 Παναθήναια.

195 1401 274 1464 satis
297 1401 380 1464 dixit
402 1401 597 1465 Boeckhius,
808 1395 930 1488 yiy‘yoya
975 1397 1009 1462 di
1054 1397 1110 1487 τὴν
1150 1393 1259 1485 ἑορτὴν
1295 1400 1426 1483 πρῶτος

834 1499 1032 1588 Ἐριχθόνιος
1066 1498 1083 1566 δ
1117 1497 1301 1588 Ἡφαίστου
1332 1498 1426 1564 καθά

836 1628 934 1694 φησιν
955 1602 1137 1682 Ἑλλάνικος
1166 1627 1201 1667 τε
1223 1602 1279 1667 καὶ
1298 1598 1425 1688 Ἀνδρο·

835 1706 923 1788 τίων,
959 1704 1102 1793 ἑκάτεροι
1136 1705 1170 1770 ἐν
1202 1705 1233 1770 α’
1270 1702 1426 1784 Ἀτθίδος

279 1812 332 1875 De
362 1812 473 1875 ordine
504 1833 567 1894 quo
595 1813 714 1894 singuli
744 1814 811 1877 dies
841 1813 915 1877 festi
945 1812 1146 1878 Graecorum
1175 1812 1317 1874 instituti
1350 1811 1424 1885 sint,

192 1921 323 1996 praeter
352 1914 487 1978 Parium
518 1915 598 1978 duos
628 1916 784 1981 habemus
815 1923 928 1996 testes,
961 1917 1099 1980 alterum
1130 1920 1297 1978 auctorem
1327 1911 1425 1994 Pepli

193 2018 248 2098 qui
272 2017 390 2081 dicitur
405 2017 611 2081 Aristotelici
633 2018 685 2102 (cs.
702 2041 734 2101 p.
752 2020 796 2103 9),
820 2019 958 2082 alterum
981 2018 1068 2100 aliud
1085 2019 1240 2082 Photium
1264 2016 1336 2080 cod.
1360 2020 1422 2079 279

191 2120 390 2184 Helladium.
436 2121 498 2184 Est
519 2121 604 2184 inter
626 2122 684 2185 hos
707 2129 773 2185 tres
797 2144 922 2186 summa
944 2122 1171 2204 discrepantia,
1197 2141 1304 2200 neque
1329 2119 1421 2183 aliud

193 2225 366 2307 quiequam
388 2223 464 2286 inde
487 2224 596 2288 evadit
619 2225 681 2287 nisi
705 2225 746 2288 ab
770 2225 960 2288 Aristotelis
983 2224 1163 2287 rationibus
1187 2244 1332 2287 marmor
1357 2223 1422 2286 dis·

192 2347 334 2408 crepare.
372 2327 569 2390 Persuasum
592 2328 672 2391 mihi
694 2328 824 2409 quidem
847 2333 980 2390 estnon
1004 2349 1042 2389 ex
1057 2347 1121 2389 uno
1138 2332 1313 2406 utrumque
1331 2324 1419 2388 fonte

192 2430 355 2509 hausisse,
386 2428 576 2493 Helladium
604 2452 679 2495 vero
710 2431 820 2494 multis
848 2431 880 2492 in
907 2429 1004 2492 rebus
1034 2436 1153 2492 temere
1183 2449 1309 2491 errasse
1333 2427 1421 2491 velut

192 2531 279 2613 quod
296 2532 436 2595 Isthmia
460 2538 536 2595 ante
553 2531 704 2616 Olympia
727 2535 827 2617 ponit.
874 2532 1080 2615 Quamquam
1105 2530 1349 2595 eoncedendum
1376 2535 1422 2594 est

191 2618 381 2698 Helladium
404 2636 507 2716 magis
528 2657 600 2699 cum
623 2637 723 2700 Pario
746 2637 900 2718 scriptore
924 2636 1120 2714 consentire,
1144 2633 1230 2716 quod
1254 2633 1335 2696 dicit
1356 2655 1420 2696 cer-

26 2766 31 2777 ·
107 2789 116 2801 .
190 2743 299 2799 tamen
329 2736 504 2818 Pythicum
533 2759 596 2801 non
624 2741 656 2802 iu
687 2740 842 2802 honorem
870 2739 1033 2821 Apollinis
1057 2739 1240 2820 Pythonem
1271 2737 1419 2800 necantis

192 2839 377 2903 institutum
401 2861 469 2904 esse
494 2841 545 2925 (ut
567 2841 712 2905 referunt
735 2848 848 2906 auctor
867 2842 955 2925 pepli
977 2849 1009 2906 et
1031 2841 1207 2906 scholiasta
1223 2837 1419 2902 Pindaricns

189 2943 223 3005 in
257 2942 429 3024 hypothesi
467 2943 660 3024 Pythiorum
694 2946 886 3032 carminum)
921 2946 976 3009 sed
1010 2949 1084 3027 post
1117 2942 1254 3007 Cirrhae
1289 2941 1419 3005 demum

191 3046 333 3108 exitium.
387 3044 593 3127 Singularem
623 3049 817 3112 sententiam
851 3048 891 3111 de
920 3047 1125 3111 institutione
1153 3045 1360 3126 Lycaeorum
1390 3050 1420 3108 et

191 3148 497 3212 Panathenaeorum
542 3150 667 3232 profert
709 3151 807 3214 Paua.
841 3150 944 3228 VIII,
980 3155 1016 3228 2,
1054 3154 1070 3211 l
1105 3147 1235 3230 Lycaea
1272 3153 1419 3230 tempore

190 3250 431 3314 Panathenaeis
470 3253 638 3334 superiora
681 3275 749 3317 esse
784 3274 963 3334 nomenque
998 3252 1304 3315 Panatlrenaeorum
1335 3251 1420 3314 ludis

190 3353 353 3417 a'Pheseo
376 3353 504 3417 demum
527 3356 648 3437 populo
672 3356 704 3418 in
728 3378 824 3419 uuam
846 3356 1008 3418 civitatem
1030 3354 1163 3418 redacto
1179 3353 1322 3416 inditum
1338 3375 1418 3417 esse.

191 3456 395 3539 Scriptorum
411 3458 551 3539 plurima
566 3459 752 3522 testimonia
767 3459 809 3521 ad
826 3459 910 3521 hanc
926 3457 1085 3539 epocham
1100 3457 1212 3520 attulit
1229 3456 1419 3520 Boeclrhius

188 3561 222 3623 in
244 3561 329 3623 notis
353 3561 486 3640 criticis3
512 3561 552 3625 de
575 3561 690 3624 ceteris
715 3561 776 3624 hac
799 3561 922 3644 epocha
944 3561 1084 3624 narratis
1102 3560 1197 3623 rebus
1214 3559 1295 3621 nihil
1312 3565 1420 3623 exstat

189 3664 222 3727 in
245 3663 426 3742 annalibus,
450 3685 530 3745 quos
553 3663 692 3726 maxime
714 3663 868 3727 hocloco
891 3668 1010 3746 specto.

232 3767 293 3849 Ep.
321 3772 369 3830 ll.
410 3761 484 3853 Ἀφ’
517 3753 553 3830 οὗ
583 3762 699 3844 Μίνως
733 3761 777 3853 [ὁ]
804 3767 807 3886 y

189 3867 408 3957 ντρ[ότερος21)
425 3864 641 3956 ἑ]βα[οίλενσε
653 3866 780 3955 Κρήτης
805 3887 807 3943 ς

189 3972 244 4037 καί
257 3969 443 4059 Κ·οδω]νίοιν
464 3967 563 4057 ᾤκισε
585 3968 640 4034 καί
653 3968 780 4057 σίδηρος
805 3946 808 4041 l

276 4228 311 4296 ²⁰)
331 4227 416 4295 Apud
440 4226 645 4294 Hieronymum
667 4244 694 4294 p.
713 4229 747 4279 25
766 4226 823 4280 Hn.
842 4243 865 4279 a.
884 4227 935 4278 449
959 4224 1002 4278 ab.
1021 4225 1090 4278 Abr.
1110 4223 1222 4277 Primus
1249 4226 1419 4295 quadrigam

187 4315 311 4368 iunxisse
331 4316 421 4367 fertur
439 4314 597 4368 Trochilus.

275 4401 310 4476 ²¹)
330 4403 384 4456 duo
404 4401 513 4456 Minoas
538 4401 625 4454 etiam
652 4399 726 4468 apud
745 4399 829 4453 Diod.
849 4398 901 4464 IV,
919 4400 954 4452 60
977 4402 1006 4451 et
1023 4398 1178 4453 Eusebium
1204 4398 1419 4459 discernuntur.
