2902 4846
56 396 253 490 lapidarius,
284 426 347 467 non
371 402 449 467 item
472 403 504 466 in
527 403 701 468 latitudine
725 426 822 488 quam
839 399 1025 486 saepissime
1042 393 1157 480 variat,
1182 407 1289 482 neque¹

57 529 92 591 id
117 533 207 590 certo
233 525 364 588 consilio
390 524 477 587 velut
501 545 650 587 versuum
674 525 904 606 explendorum
921 543 1029 598 causa,
1055 542 1128 583 cum
1146 520 1291 602 epochas

58 647 215 710 continuo
255 646 366 709 ordine
405 645 573 706 literarum
610 644 696 707 inter
734 667 767 707 se
802 645 991 707 coniunctae
1025 641 1099 703 sint.
1156 641 1290 704 Minime

58 765 209 846 aequalis
238 770 286 827 est
322 763 511 844 magnitudo
541 762 710 826 literarum
739 768 777 841 Ε,
801 769 840 843 Σ,
865 762 906 842 Ξ,
931 767 985 841 Μ,
1010 769 1037 824 Γ
1062 743 1155 865 (Vi)
1187 781 1291 841 neque

486 889 493 909 7

59 886 232 949 collocatio
258 884 427 946 literarum
463 890 497 962 ⁷1,
528 889 553 962 Ι,
585 887 614 962 0,
644 887 676 961 θ,
704 885 736 962 Ω,
765 889 798 963 Υ,
829 903 914 963 quas¹
940 883 1068 963 saepius
1096 889 1164 945 tam
1191 878 1304 963 prope

63 1006 217 1068 admovet
240 1003 283 1066 ad
306 1005 428 1067 vicinas
452 1008 488 1066 ut
511 1002 577 1065 fere
599 1024 698 1066 nexae
716 1024 787 1066 cum
803 1001 867 1064 illis
883 1007 915 1064 et
931 1007 1097 1082 tamquam
1114 1000 1292 1083 implicitae

62 1126 248 1202 videantur3
282 1129 452 1205 praeterea
484 1145 544 1204 per
576 1129 682 1187 totum
713 1121 856 1204 lapidem
889 1122 996 1204 spatia
1029 1123 1114 1185 iuter
1147 1120 1291 1202 singulas

60 1245 175 1307 literas
208 1245 347 1306 maxime
381 1245 517 1306 variant.
574 1243 648 1326 Qua
679 1264 713 1306 re
748 1241 785 1304 fit
814 1248 851 1304 ut
881 1243 1086 1306 coniecturae
1115 1241 1292 1304 latissimus

60 1365 155 1427 locus
192 1364 286 1426 datus
323 1365 379 1442 sit,
418 1363 514 1426 modo
552 1369 683 1446 reputes
721 1368 753 1424 et
787 1361 1044 1442 magnitudinem
1079 1367 1111 1424 et
1145 1360 1293 1423 habitum

62 1485 234 1547 literarum
257 1482 521 1565 supplendorum.

153 1604 321 1685 Descripsi
364 1609 491 1685 partem
529 1603 635 1666 adbuc
671 1600 878 1683 superstitem
916 1621 1015 1682 quam
1052 1599 1294 1662 accuratissime

61 1727 172 1807 potui,
203 1744 285 1804 quae
316 1723 490 1805 descriptio
519 1744 718 1805 quamquam
747 1741 813 1784 non
852 1720 955 1783 multa
989 1719 1083 1783 affert
1113 1741 1196 1800 quae
1230 1740 1295 1781 non

64 1846 133 1907 iam
159 1850 285 1906 exstent
307 1844 341 1905 in
364 1843 561 1906 editionibus
583 1842 746 1925 prioribus
770 1848 879 1904 tamen
901 1841 935 1903 id
958 1838 1100 1927 effecisse
1116 1838 1244 1902 videtur
1259 1844 1296 1901 ut

64 1964 100 2025 in
125 1969 291 2044 posterum
312 1963 388 2026 viris
412 1962 515 2026 doctis
536 1963 635 2025 liccat
658 1963 757 2024 ctiam
779 1960 905 2024 deletae
928 1961 1031 2042 partis
1055 1959 1213 2052 veriorem
1235 1957 1296 2021 sibi

66 2083 211 2146 formare
233 2083 414 2163 imaginem.
