2902 4846
548 185 752 285 43⁹--

90 386 148 456 hius
163 410 238 456 armo
259 393 330 454 478
347 410 376 453 ι.
393 387 468 455 chr.
485 411 516 455 ιι.
541 389 678 455 attribui
701 389 816 457 soleat.
841 389 960 453 Parius
976 394 1087 452 auctor
1105 386 1263 455 Gelonem

90 514 176 578 egnum
203 494 416 578 capessivisse
445 496 563 559 statuit
594 516 680 559 anuo
708 498 782 558 478.
820 493 995 557 Hieronem
1027 516 1111 559 anuo
1139 493 1263 575 47242).

90 616 105 658 ι.
118 597 160 662 Ch.
177 621 205 662 n.
249 597 363 661 Multa
393 605 634 681 temptaverunt
667 598 728 660 viri
761 596 847 660 clrutti
880 597 923 660 ad
955 597 1039 660 luurc
1068 599 1263 662 seutentiam

90 718 139 780 quae
160 706 278 785 pugnet
311 699 362 763 vel
392 721 464 765 curu
495 701 632 765 historia
664 722 772 763 rerum
807 700 1009 764 Persicorum
1037 701 1186 764 omnibus
1210 722 1264 762 ιιι-

90 801 168 867 liaima
187 802 423 886 explicandam.
468 802 658 868 Postremus
674 802 826 866 Hohuius
843 803 1054 884 (Geschichtc
1071 803 1220 868 Sicilicus
1237 804 1263 869 Ι.

90 924 104 984 y.
116 908 173 989 413)
205 908 253 970 ita
287 926 358 981 rem
391 905 581 988 expediebat
614 913 651 969 ut
685 905 766 969 t'also
797 914 963 969 auctorem
994 906 1149 969 Hieronis
1179 926 1264 969 anuo

90 1008 150 1073 ιιιιιο
162 1008 295 1075 Gelonis
319 1008 447 1072 initium
470 1008 659 1090 adsignasse
681 1008 811 1072 diceret.
850 1008 916 1074 Sed
932 1009 1009 1071 mihi
1025 1015 1096 1072 teta
1112 1016 1264 1091 tyranno-

90 1128 125 1174 ιιι
147 1111 352 1193 chronologia
379 1132 462 1192 quac
492 1111 580 1194 apud
608 1112 743 1175 Parium
767 1112 929 1175 iuvenitur
959 1134 998 1175 ex
1026 1112 1203 1177 Stesichori
1232 1113 1264 1173 iu

90 1207 215 1279 bacciam
237 1215 383 1279 adventu
404 1213 546 1296 pendere
577 1213 712 1277 ridetur.
762 1214 869 1279 tlelon
897 1221 1074 1298 autequam
1097 1214 1264 1296 Syracusis

90 1318 201 1382 ctiretur
233 1338 291 1382 sex
323 1318 372 1381 vel
405 1323 527 1400 septem
560 1338 661 1380 anuos
697 1318 776 1401 (nou
807 1325 932 1381 certum
961 1326 1069 1381 utrum
1093 1340 1177 1380 ιιιιιο
1201 1321 1263 1381 492

90 1426 177 1485 1491
209 1421 273 1485 hcc
308 1418 431 1483 factum
461 1419 517 1503 sit)
557 1418 660 1484 Gelae
698 1421 771 1484 urbi
802 1427 963 1502 praeerat.
1018 1421 1158 1503 Quando
1190 1441 1265 1483 vero

90 1523 243 1587 uisimilius
274 1520 337 1585 luit
360 1520 581 1586 Stesichorum
605 1521 715 1586 Sicilia
744 1522 859 1586 relicta
887 1524 920 1585 iu
945 1522 1119 1588 Graeciam
1142 1524 1266 1586 uenisse

90 1644 143 1690 ram
177 1648 250 1689 cum
288 1623 372 1690 Gelo
410 1623 556 1687 custodia
593 1625 768 1706 impetrata
812 1626 1017 1708 tyrannidem
1056 1624 1266 1707 occupasset?

90 1747 161 1810 aque
182 1728 261 1810 fuga
292 1726 470 1792 Stesichori
493 1748 530 1789 eo
554 1749 638 1790 armo
661 1727 749 1791 facta
772 1749 840 1792 esse
863 1734 979 1810 putata
1001 1735 1050 1791 cst
1073 1750 1137 1809 quo
1160 1727 1267 1792 Gelon

90 1831 163 1895 elam
192 1830 377 1913 occuparit3
411 1830 578 1912 septennio
610 1837 685 1912 post
718 1829 801 1895 Gelo
831 1830 1009 1912 Syracusas
1041 1831 1101 1894 sibi
1132 1831 1268 1894 subiecit

95 1954 118 1996 e.
139 1956 221 1997 anno
243 1937 309 1996 478
332 1954 360 1995 a.
386 1931 463 1996 Chr.
488 1955 534 2009 u.;
566 1931 640 1995 iude
670 1933 767 1996 ctiam
797 1934 952 1997 Hieronis
981 1933 1102 2015 palmet
1128 1940 1267 2018 tempus.

90 2037 249 2100 mittuntur
279 2037 313 2098 iu
342 2035 455 2098 tabula
478 2035 579 2098 Paria
601 2042 750 2117 tempera
773 2036 971 2118 Thrasybuli
994 2043 1026 2098 et
1050 2036 1280 2116 democratiae

90 2159 130 2201 ιιι
150 2138 237 2222 apud
260 2136 438 2201 Eusebium
462 2144 495 2201 et
517 2137 699 2200 Diodorum
723 2145 862 2202 exstant.
909 2140 1024 2221 Neque
1054 2141 1095 2204 ad
1118 2142 1268 2223 vulgares

90 2242 186 2306 tiones
226 2239 353 2304 reditur
390 2246 465 2303 ante
499 2246 636 2304 mortem
668 2241 833 2322 Dionysii⁷
870 2243 959 2306 cuius
993 2249 1103 2306 tamen
1141 2245 1268 2307 initium

90 2365 134 2406 uro
164 2343 280 2409 tribuit
314 2343 410 2425 plane
445 2342 635 2407 abhorrenti
663 2343 704 2406 ab
732 2345 804 2408 aliis
833 2346 1055 2426 scriptoribus,
1105 2346 1268 2412 Videntur

90 2444 147 2509 iam
179 2448 212 2510 iu
254 2447 454 2528 temporibus
494 2446 643 2528 Dionysii
680 2446 721 2509 ab
760 2447 904 2509 Eusebio
943 2447 1108 2511 adnotatis
1149 2449 1268 2511 similes

90 2548 187 2614 ,tiones
218 2549 393 2628 dominari,
427 2549 484 2612 sed
511 2571 574 2612 ucu
599 2549 675 2611 licet
699 2570 753 2611 eas
776 2549 957 2631 perspicere
980 2557 1113 2632 propter
1135 2550 1268 2613 nimiam

90 2653 287 2735 irruptionem
315 2651 481 2716 librorum.
527 2651 604 2715 Non
634 2651 688 2712 diu
716 2651 799 2714 tales
828 2652 972 2716 rationes
1000 2653 1155 2716 mansisse
1178 2659 1267 2735 putu,

90 2751 167 2836 uippe
196 2776 282 2838 quae
313 2777 386 2820 cum
417 2755 635 2819 Alexandrini
668 2754 710 2818 ad
748 2776 801 2818 eas
831 2756 1023 2819 accederent
1053 2756 1268 2820 recensendas

90 2853 212 2923 eliorum
236 2864 408 2923 auctorum
430 2858 493 2922 fide
515 2857 677 2922 refutatae
693 2860 892 2936 evanuerint,
917 2881 980 2922 nou
998 2881 1073 2923 vero
1090 2860 1137 2921 ita
1153 2864 1269 2921 utnon

90 2972 123 3019 ssa
141 2959 279 3027 Cononis
301 2960 376 3024 inde
399 2961 530 3025 fluxerit
554 2960 723 3025 adnotatio
747 2982 907 3043 perversa.

530 3488 685 3554 CAPUT
719 3490 786 3554 ΙΙΙ.

393 3646 452 3736 De
483 3657 716 3763 temporum
747 3646 920 3736 ratione.

136 3859 319 3928 Boeckhius
343 3863 399 3945 qui
421 3864 544 3946 primus
571 3865 785 3928 Marmor
738 3870 785 3928 1
808 3870 894 3928 tract
896 3865 1005 3929 avitu
1009 3865 1119 3930 tinde
1146 3865 1271 3948 aliquid

90 3962 131 4026 ³1i
165 3965 288 4048 percipi
323 3967 425 4048 possit
464 3968 563 4031 etiam
603 3973 786 4050 temporum
825 3968 983 4050 computis
1018 3990 1149 4051 operam
1183 3969 1273 4033 dedit

90 4078 131 4128 ·0s
160 4075 259 4132 autea
290 4069 343 4132 vix
371 4069 486 4134 leviter
518 4070 698 4152 attigerant
732 4070 881 4134 editores.
938 4071 1060 4153 Agitur
1092 4071 1177 4135 enim
1207 4093 1272 4136 nou

90 4153 152 4233 lum
183 4171 259 4250 hoe,
294 4192 358 4252 quo
391 4193 476 4236 auno
506 4174 693 4238 chronicum
727 4173 883 4255 scriptum
917 4174 973 4253 sit,
1009 4175 1066 4239 sed
1100 4175 1198 4239 etiam
1232 4174 1272 4240 de

90 4273 189 4337 cteris
216 4272 280 4337 fide
311 4279 343 4337 et
372 4273 550 4358 diligentia.
595 4277 708 4359 Atque
739 4297 938 4358 quamquam
964 4277 1104 4342 libenter
1132 4277 1272 4343 concedo

90 4400 253 4421 μ...-

138 4476 175 4547 ⁴²)
194 4478 260 4532 vide
279 4478 354 4531 infra
372 4498 398 4550 p.
418 4482 458 4536 59.
