2902 4846
581 256 782 265 -w--v-on—

55 367 315 431 Atheniensium
342 375 536 451 potestatem
566 391 637 433 earu
659 369 758 434 luisse
786 370 849 432 illis
873 368 1074 451 temporibus
1100 369 1177 434 belli
1205 369 1293 451 quod

55 469 181 532 dicitur
209 467 451 551 Chremonidei,
482 479 519 536 ut
547 472 637 535 Parii
666 494 775 536 eorum
805 472 1015 535 archontibus
1046 472 1078 534 in
1107 471 1199 535 fastis
1227 473 1292 536 suis

54 577 241 651 uterentur,
279 575 472 654 praesertim
499 595 571 638 cum
601 575 666 638 suis
696 575 783 656 ipsos
809 575 1018 638 archontibus
1047 596 1122 638 usos
1153 595 1223 638 esse
1254 595 1292 638 cx

54 675 226 757 prooemio
251 683 419 757 appareat.
465 677 643 741 Praeterea
665 678 751 759 quod
775 679 985 760 negliguntur
1013 699 1063 742 res
1086 677 1224 757 Pariae,
1256 677 1291 741 id

55 799 120 840 nos
145 776 293 859 adducit,
324 786 361 843 ut
384 779 422 843 de
445 780 572 843 homine
595 780 694 844 Pario
719 783 768 844 vix
792 781 934 862 cogitare
956 781 1128 863 possimus,
1160 781 1223 845 nisi
1244 781 1292 845 ita

55 888 97 942 ut
129 880 317 944 Atticorum
345 882 446 946 fastos
474 884 671 966 excerpsisse
699 905 770 947 eum
801 888 990 947 statuamus.
1039 883 1080 947 In
1109 883 1292 966 fragmento

56 982 152 1064 apud
175 984 389 1048 Plutarchum
412 984 477 1049 Sol.
502 1008 527 1049 c.
552 991 592 1049 32
616 987 703 1068 quod
726 986 910 1050 Boeckhius
933 991 1027 1068 putat
1049 991 1165 1066 totam,
1194 1008 1293 1068 quam

56 1086 243 1168 exscripsit,
267 1093 394 1169 partem
416 1089 584 1153 Phaeniae
607 1089 845 1170 adsignandam
867 1110 946 1169 esse,
973 1088 1051 1152 mihi
1075 1089 1205 1171 quidem
1228 1111 1292 1153 non

56 1189 236 1271 persuasit.
285 1189 487 1271 Exprimitur
517 1192 620 1255 solum
643 1192 809 1256 Phaeuiae
832 1192 1008 1271 sententia,
1047 1193 1102 1272 qui
1125 1191 1293 1256 statuebat

58 1291 217 1355 Solonem
241 1292 347 1356 minus
367 1293 494 1356 duobus
518 1295 610 1357 annis
633 1301 706 1376 post
725 1295 937 1358 Pisistrateae
960 1295 1141 1375 tyrannidis
1164 1294 1292 1358 initium

56 1400 227 1456 mortuum
251 1414 330 1472 esse,
353 1415 425 1458 cum
450 1396 640 1460 Heraclides
657 1397 813 1460 Ponticus
834 1396 969 1460 dixisset
983 1396 1116 1479 longum
1132 1417 1204 1460 eum
1219 1402 1293 1479 post

56 1504 191 1577 tempus
221 1496 343 1559 vixisse.
390 1499 510 1580 Itaque
538 1500 619 1562 nihil
647 1500 702 1562 illo
728 1499 799 1562 loco
823 1499 1021 1563 Plutarchus
1044 1499 1125 1563 dixit
1147 1498 1208 1561 nisi
1231 1499 1293 1563 hoo

56 1599 245 1663 Phaeniam
260 1606 397 1663 mortem
413 1600 540 1666 Solonis
556 1602 747 1683 Hegestrati
767 1623 852 1666 anno
873 1603 1069 1682 attribuisse,
1091 1600 1172 1664 illud
1187 1600 1293 1684 ipsum

57 1701 151 1784 quod
182 1709 389 1784 opponuntur
419 1704 504 1767 inter
532 1726 565 1767 se
591 1703 786 1768 Heraclides
815 1711 847 1768 11
872 1705 1052 1784 Phaenias,
1088 1725 1146 1768 nos
1173 1709 1292 1783 monet,

57 1827 102 1869 111
135 1804 337 1868 Boeckhium
372 1827 546 1887 sequamur
580 1813 613 1870 et
641 1814 792 1889 putemus
822 1809 920 1872 etiam
949 1807 1131 1871 Phaeniam
1161 1806 1293 1872 Comiae

58 1907 229 1972 archontis
256 1909 452 1972 mentionem
480 1909 602 1972 iecisse.
647 1909 840 1992 Hegestrati
868 1932 943 1974 vero
971 1901 1088 1974 nomen
1111 1909 1292 1973 Phaeniam

58 2011 242 2091 addidisse,
273 2011 412 2074 maxime
443 2017 694 2075 consentaneum
724 2018 786 2090 est,
817 1998 904 2095 quod
928 2037 967 2077 ex
991 2013 1177 2077 Atticorum
1199 2011 1293 2075 fastis

56 2136 127 2178 non
162 2113 266 2176 solum
299 2134 367 2175 rem
402 2114 458 2177 sed
487 2115 585 2178 etiam
612 2121 739 2197 tempus
768 2116 835 2178 eius
865 2118 1008 2198 petierit;
1038 2136 1142 2197 neque
1170 2120 1293 2178 certum

57 2223 111 2281 est
135 2216 216 2279 illud
239 2215 362 2279 factum
386 2216 429 2281 ad
452 2238 545 2280 suum
568 2224 696 2299 tempus
718 2219 858 2282 relatum
880 2220 912 2282 in
935 2219 1018 2282 libro
1042 2218 1081 2282 de
1102 2216 1293 2300 prytanibus

58 2342 79 2383 a
96 2319 278 2382 Plutarcho
300 2320 466 2382 inventum
489 2340 567 2400 esse,
592 2320 743 2384 exstabat
765 2320 904 2385 fortasse
926 2322 959 2384 in
980 2320 1064 2384 libro
1081 2321 1121 2383 de
1136 2320 1291 2402 tyrannis.

57 2421 191 2486 Deinde
219 2420 306 2502 quod
335 2421 575 2485 Himerensium
604 2445 655 2486 res
686 2422 767 2486 bene
797 2423 960 2507 cognovit,
989 2423 1103 2487 hocine
1133 2429 1181 2486 est
1203 2423 1293 2486 testi-

57 2525 219 2598 monium,
258 2522 517 2588 Stesichororum
547 2530 671 2588 aetates
699 2525 775 2589 inde
802 2527 937 2590 haustas
968 2523 1060 2589 esse?
1104 2525 1291 2605 Praeterea,

60 2626 153 2709 quod
168 2626 333 2689 Phaenias
350 2627 537 2690 Aristotelis
560 2632 702 2691 sectator
724 2627 793 2706 fuit,
817 2629 956 2692 maxime
972 2650 1030 2693 nos
1045 2627 1190 2710 impedit,
1215 2649 1293 2710 quo-

59 2730 171 2793 minus
201 2729 240 2792 de
267 2749 305 2792 eo
336 2731 521 2811 cogitemus.
567 2729 668 2809 Nam,
699 2751 780 2811 quas
803 2731 857 2794 ille
879 2732 912 2794 in
933 2732 1103 2796 historiam
1124 2731 1293 2794 literarum

59 2831 193 2895 induxit
215 2832 392 2895 sententias
416 2838 461 2907 et,
489 2838 527 2895 ut
547 2833 595 2895 ita
618 2833 739 2911 dicam,
769 2835 1026 2913 emendationes,
1050 2855 1192 2898 marmor
1215 2855 1293 2896 non-

60 2935 142 2998 dum
164 2955 243 3016 prae
267 2955 300 2998 se
323 2933 396 2997 fert.
441 2934 608 2998 Phaeniae
632 2941 741 3000 autem
755 2936 883 3016 librum,
908 2937 964 3018 qui
979 2943 1066 3000 certo
1082 2935 1295 3000 Aristotelica

61 3037 213 3101 doctrina
241 3041 375 3100 ornatus
405 3035 479 3119 fuit,
511 3039 537 3100 si
559 3038 678 3101 Parius
706 3039 802 3103 homo
831 3038 874 3102 ad
896 3039 1083 3104 chronicum
1105 3059 1199 3101 suum
1221 3059 1294 3100 con-

60 3138 242 3204 texendum
266 3138 477 3218 adhibuisset,
502 3147 618 3223 aperta
641 3142 708 3205 eius
731 3142 778 3204 rei
799 3141 918 3204 indicia
940 3143 973 3204 in
995 3162 1156 3204 marmore
1175 3140 1295 3202 inveni-

60 3264 183 3326 remus.
229 3240 354 3306 Contra
383 3243 512 3324 saepius
542 3244 737 3307 dissentiunt
764 3244 853 3307 velut
880 3244 913 3306 in
940 3243 1052 3308 ordine
1075 3243 1225 3307 ludorum
1248 3243 1294 3305 in-

60 3341 305 3430 11111111111111),
334 3344 368 3407 in
391 3352 500 3409 aetate
523 3345 714 3426 Stesichori,
738 3347 771 3410 in
794 3347 994 3429 temporibus
1014 3346 1193 3426 Pisistrati,
1223 3345 1294 3409 aliis

61 3468 148 3531 quae
186 3445 273 3510 infra
310 3448 441 3512 notabo
499 3447 594 3531 Quod
632 3470 706 3512 vero
742 3448 910 3512 Boeckhio
946 3451 1121 3513 maximum
1157 3449 1293 3527 videtur,

63 3549 222 3633 epocham
246 3556 452 3632 expugnatae
469 3551 588 3615 Troiae
612 3573 631 3614 1
646 3551 796 3614 Phaenia
812 3557 969 3615 statutam
984 3574 1084 3634 prope
1100 3552 1144 3616 ad
1158 3551 1295 3615 Parium

61 3652 232 3732 accedere,
264 3652 325 3716 hoc
353 3674 416 3716 nou
445 3654 510 3717 alia
536 3674 570 3716 re
600 3654 739 3718 efficitur
761 3654 823 3718 11111
845 3653 1031 3718 coniectura
1055 3654 1089 3738 (l.
1113 3676 1137 3718 1.
1161 3676 1192 3736 p.
1217 3653 1294 3739 327)

62 3776 148 3836 quae
181 3754 329 3836 quidem,
365 3757 391 3819 si
425 3756 615 3820 certioribus
651 3756 853 3820 documentis
886 3756 1081 3836 firmaretur,
1117 3755 1295 3820 verisimilis

16 3923 20 3932 ,
62 3864 165 3938 11111,
198 3857 259 3920 hoc
288 3858 373 3938 loco,
409 3859 465 3924 ubi
495 3859 574 3922 nihil
605 3858 705 3922 elficit
736 3858 797 3921 nisi
826 3864 863 3922 ut
892 3859 1016 3923 incerta
1044 3880 1096 3924 111
1123 3859 1294 3923 incertiore
1386 3910 1389 3915 .

61 3960 246 4035 muniatur,
284 3961 382 4042 plane
414 3961 535 4026 inutilis
571 3968 627 4026 est.
684 3959 865 4026 Ostendam
899 3962 985 4026 infra
1019 3963 1126 4045 capite
1158 3961 1214 4025 ubi
1254 3962 1294 4025 de

153 4131 175 4199 7)
194 4130 229 4184 11.
241 4130 391 4184 marmoris
410 4143 472 4199 epp.
493 4134 532 4198 lo,
554 4134 594 4197 17,
614 4133 653 4195 18,
672 4133 706 4184 20
725 4134 754 4184 11
766 4132 930 4184 Δ1111ο11111
949 4131 982 4185 fr.
999 4128 1292 4200 seraphinorum

61 4217 144 4272 FHG
168 4215 201 4270 H
223 4234 249 4285 p.
276 4218 333 4269 189.
374 4217 509 4284 quicquid
536 4219 686 4271 statuimus
714 4217 749 4270 (11
777 4219 861 4286 peplo
889 4218 1076 4271 Aristotelico
1109 4217 1158 4284 qui
1181 4216 1294 4280 dicitur,

63 4309 163 4357 tamen
193 4306 338 4356 auctorem
369 4320 453 4370 quum
483 4305 605 4357 maxime
637 4322 666 4357 se
696 4305 732 4356 ad
760 4304 946 4358 Aristotelem
974 4302 1200 4360 accommodasse
1229 4319 1293 4355 con-

62 4389 222 4444 cedendum
242 4392 292 4444 111.
329 4387 393 4442 vide
412 4389 486 4442 infra
504 4408 531 4459 p.
552 4391 584 4443 18
603 4408 641 4460 sq.
