2902 4846
683 170 808 267 47Ι

99 370 316 443 adnotationes
340 374 410 443 eius
433 375 489 441 ubi
511 377 552 441 de
575 378 776 461 temporibus
799 374 989 439 ‹lefiniendis
1012 376 1121 459 agitur
1144 376 1318 453 diligenter

103 480 325 547 examinandae
349 482 424 561 sint,
447 480 533 545 illius
556 480 682 545 consilii
706 502 834 563 setirper
856 481 983 543 ratione
1008 480 1129 543 balrita.
1171 480 1237 545 sal
1253 503 1316 543 non

105 580 202 647 leviter
221 582 305 649 fides
329 584 398 649 eius
422 583 689 647 adnotationibus
713 582 911 665 deroganda.
937 584 1055 665 quippe
1074 584 1162 646 euius
1179 584 1212 645 in
1228 583 1317 647 hante

111 684 215 767 aliqua·
231 708 271 751 ex
301 694 399 771 parte
431 688 530 751 etiam
560 685 860 751 Alexamlrinorum
894 687 1034 749 rationes
1064 687 1186 768 positas
1221 686 1318 749 l'uisse

112 788 274 869 putandum
306 790 360 854 sit.
410 788 498 854 Nam
528 790 656 855 etiamsi
689 788 903 853 concedamus
942 789 1012 852 illos
1048 790 1221 871 praecipue
1260 811 1317 853 sut»

116 888 214 957 indicio
249 898 283 957 et
319 894 417 958 certis
455 891 601 957 fontibus
639 915 713 956 usos
751 914 820 955 esse
858 900 967 955 tamen
999 893 1031 955 in
1062 891 1159 955 rebus
1191 893 1318 955 nortiam

119 992 300 1077 explorandis
327 995 421 1061 illum
448 1000 614 1061 auctorem
642 1016 696 1059 eos
725 1001 852 1059 sectatos
885 1016 953 1058 esse
983 1002 1236 1058 corrsmrtancum
1260 1002 1318 1057 cst.

121 1094 272 1163 Praeterea
302 1098 392 1163 nullo
420 1098 515 1163 modo
547 1098 635 1181 apud
659 1097 836 1161 Eusebium
860 1104 908 1161 tot
933 1099 1075 1179 eptrcbae.
1101 1098 1320 1160 im'enirentar

123 1198 287 1284 dsuhqua
312 1202 369 1265 illa
396 1200 656 1284 chronographia
685 1223 759 1265 rere
788 1200 911 1263 inutilis
942 1208 973 1264 et
997 1201 1140 1264 absurda
1163 1200 1277 1263 hahita
1300 1222 1319 1261 a.

125 1305 237 1383 postem
255 1306 383 1369 omnino
406 1305 535 1370 abiecta
555 1310 590 1367 et
614 1310 799 1386 contempta
823 1310 916 1366 esset..
956 1304 1052 1386 Quod
1077 1325 1150 1366 rere
1171 1303 1319 1383 gravissi·

127 1424 198 1469 uum
219 1414 271 1488 ost,
301 1408 385 1491 lapis
412 1407 481 1489 ipse
508 1408 565 1489 qui
593 1406 734 1471 auctoris
757 1407 943 1469 etiamnunc
965 1408 1065 1489 ipsius
1087 1427 1227 1479 inanum,
1259 1405 1320 1467 etsi

129 1526 180 1571 non
200 1508 357 1593 integram,
386 1515 496 1574 tamen
522 1510 745 1592 incorruptam
774 1516 880 1572 seruat
910 1518 1020 1573 immet
1049 1532 1107 1572 nos
1139 1532 1177 1572 ue
1206 1509 1321 1571 leviter

130 1608 347 1689 posthabeamus
362 1613 498 1677 Parium
521 1613 696 1677 chronicon
719 1613 935 1694 posteriorum
958 1612 1049 1677 libris
1074 1613 1169 1675 variis
1191 1612 1319 1676 casibus

95 1732 98 1737 ·
132 1711 329 1798 multiplicique
352 1721 535 1798 temporum
558 1716 696 1779 iniuriae
718 1716 881 1797 expositio.

672 2006 745 2092 §a

331 2146 374 2211 lte
397 2145 562 2210 Siculorum
587 2146 713 2211 historia
737 2147 765 2210 in
791 2147 939 2211 Marmore
963 2146 1088 2211 tradita.

197 2325 367 2396 Siculorum
398 2332 431 2395 in
462 2331 577 2395 tabula
606 2333 706 2396 Paria
737 2333 888 2413 historia,
921 2334 1095 2416 praecipue
1128 2333 1320 2412 antiquioris

136 2422 277 2501 braunidis
298 2441 447 2517 tempora
470 2435 589 2499 multas
607 2436 681 2499 viris
704 2436 807 2500 doctis
823 2436 1042 2514 difficultates,
1065 2456 1180 2515 graves
1196 2436 1321 2497 arietari

135 2524 273 2600 calumnias
301 2538 455 2602 tolerunt.
502 2540 546 2602 Et
576 2539 720 2621 profecto
749 2540 866 2602 miram
892 2540 924 2601 in
954 2538 1085 2601 modum
1109 2559 1172 2600 non
1193 2544 1320 2600 tantum

135 2642 169 2689 ¹⁸8
187 2640 309 2715 praebet
337 2641 379 2704 ab
408 2640 497 2704 nullo
526 2643 590 2704 alio
617 2651 750 2706 auctore
779 2641 932 2721 traditas,
964 2642 1052 2705 velut
1077 2640 1261 2724 Sapphonis
1287 2643 1319 2704 in

135 2720 242 2804 Siciliam
262 2741 374 2825 fugam
397 2751 429 2807 et
451 2765 676 2825 geomororum
700 2745 963 2825 dominationem,
987 2744 1043 2808 sed
1066 2745 1166 2809 etiam
1188 2746 1221 2807 in
1242 2753 1320 2808 tern-

133 2837 232 2936 l⁰rlbns
259 2845 425 2909 adnotatis
448 2868 546 2928 quam
569 2848 744 2929 plurimum
768 2848 918 2912 dissentit
940 2870 959 2911 a
983 2849 1111 2925 ceteris,
1140 2856 1176 2912 ut
1199 2850 1321 2930 optimo

90 3002 92 3007 .
131 2946 178 3000 lore
195 2965 210 3007 e
229 2948 384 3029 singulari
407 2948 496 3013 fonte
520 2950 599 3013 llaec
620 2951 739 3014 hausta
762 2973 830 3014 esse
855 2956 998 3013 statuere
1020 2951 1190 3032 possimus,
1217 2989 1254 2999 -

191 3050 295 3133 Atque
325 3053 462 3133 primam
493 3074 596 3134 neque
626 3075 696 3117 eam
725 3054 827 3117 levem
859 3052 1085 3116 difficultatem
1114 3055 1190 3116 viris
1219 3053 1321 3117 doctis

128 3128 276 3218 Stesichori
319 3154 352 3217 iu
391 3154 564 3220 Graeciam
609 3157 767 3220 adventus
812 3155 995 3238 paravit.⁴¹)
1056 3157 1321 3238 Desperarerunt

125 3250 260 3320 ll⁰8lremo
290 3258 351 3320 viri
377 3257 464 3321 docti
494 3259 533 3323 de
558 3259 618 3322 hac
640 3281 674 3322 re
697 3258 889 3340 explicanda
912 3281 984 3322 oum
1008 3260 1124 3341 reliqui
1147 3260 1320 3341 scriptores

122 3338 197 3419 plane
236 3359 334 3423 aliam
376 3367 516 3425 aetatem
563 3362 803 3439 adnotaverint,
849 3361 966 3427 Suidas
1005 3383 1028 3425 s.
1066 3385 1094 3425 v.
1132 3359 1323 3449 Στησίχορος

123 3440 153 3507 ⁰¹·
175 3459 321 3543 37-56,
360 3463 523 3528 Eusebius
553 3465 593 3528 ol.
622 3469 678 3544 423,
717 3464 936 3546 Hieronymus
966 3465 1006 3527 ol.
1036 3469 1094 3544 42,
1130 3466 1321 3548 quibuscum

120 3558 256 3629 cllllsentit
284 3565 483 3631 Aristoteles
509 3568 593 3630 rhet.
618 3568 670 3648 ΙΙ,
696 3573 752 3645 20,
784 3568 839 3649 qui
867 3576 1002 3632 narrata
1029 3568 1067 3631 de
1098 3589 1182 3650 equo
1212 3567 1322 3631 fabula

119 3638 321 3733 Stesichorum
350 3668 483 3751 Aesopo
519 3676 551 3734 et
580 3669 753 3734 Phalaridi
787 3676 925 3752 tyranno
952 3671 1122 3753 aequalem
1149 3670 1321 3753 significat.

117 3740 215 3845 Neque
254 3771 443 3854 accipienda
484 3778 534 3835 est
577 3795 675 3855 quam
712 3772 903 3836 Welokerus
939 3775 1113 3855 temptavit
1151 3773 1322 3856 explicatio

115 3864 258 3937 θ[111111οη
289 3874 328 3939 de
352 3876 538 3941 Stesichoro
566 3876 622 3940 sed
650 3876 689 3939 de
718 3876 786 3938 eius
814 3876 1011 3940 carminibus
1040 3883 1109 3940 tum
1139 3875 1267 3938 demum
1290 3877 1322 3938 in

114 3946 273 4040 Graeciam
308 3979 442 4060 perlatis
481 3979 570 4060 loqui
609 3978 894 4060 chronographum
931 3985 1073 4062 putaret.
1133 3979 1246 4060 Atque
1284 4000 1322 4041 ne

111 4045 223 4142 Kleinii
238 4080 369 4162 quidem
384 4082 462 4145 mihi
477 4081 637 4163 probatur
652 4081 847 4162 coniectura,
872 4103 971 4164 quam
987 4081 1323 4163 accepitB0eckl1ius‚

104 4318 223 4453 nomss)
241 4340 284 4391 ep.
304 4323 338 4374 50
361 4323 396 4375 ad
419 4323 619 4375 archontatum
642 4320 811 4376 Philocratis
834 4322 871 4375 cl.
888 4325 933 4385 73,
952 4324 969 4374 4
991 4324 1080 4390 (485124
1100 4340 1122 4377 a.
1143 4320 1193 4374 Oh.
1214 4324 1252 4387 n.)
1294 4321 1323 4373 d·

184 4422 222 4465 us,
