2902 4846
132 91 244 154 eodem
267 91 362 154 mede
387 114 450 173 quo
473 92 591 155 Parius
614 97 728 155 auctor
751 92 803 175 (cf.
827 113 899 174 epp.
922 94 1069 177 27-31)
1092 94 1218 158 nomine
1239 106 1333 176 regum
1384 137 1385 140 =
1408 88 1425 143 '³³2

132 195 307 277 appellare.
1388 199 1390 202 ’
1418 184 1430 213 ‘⁵

216 298 366 364 Vidimus
395 299 427 360 in
456 298 517 360 hac
547 304 640 380 parte
669 297 838 361 marmoris
866 296 1072 361 manifestam
1101 302 1211 362 extare
1239 296 1347 363 cohae·
1393 326 1396 331 ·
1429 282 1441 328 3.

130 403 269 465 rentiam
292 403 377 464 inter
399 402 535 464 Parium
558 407 591 464 et
613 400 795 464 Diodorum
820 405 852 462 et
876 399 1064 477 Eusebium,
1100 400 1234 464 vidimus
1255 400 1360 465 etiam

131 526 228 586 saepe
243 504 451 567 Hellanicum
474 504 603 567 easdem
626 525 677 566 res
700 525 859 582 narrasse,
884 504 1013 585 saepius
1028 503 1266 568 Philochorum
1288 499 1367 567 sive

131 607 231 671 alium
261 630 355 689 quem
387 630 424 669 ex
447 606 624 670 Atthidum
654 606 866 689 scriptoribus
889 605 1129 670 Androtionem
1153 606 1203 671 vel
1224 607 1379 671 Phano·

131 710 259 774 demum
294 709 344 773 vel
372 709 571 790 Clidemum,
602 711 789 792 saepissime
817 710 913 773 etiam
940 709 1120 772 invenimus
1146 708 1234 791 apud
1267 708 1390 775 Stra‘

129 813 256 877 benem.
275 813 482 891 Pausaniam
500 813 700 894 Stephanum
716 813 920 895 Byzantium,
934 810 1401 895 8111111111,111γ111111311111ι

130 916 299 996 Magnum,
324 936 405 996 quos
429 918 461 978 in
485 916 581 981 rebus
603 916 726 978 Atticis
749 917 924 998 praecipue
946 912 1077 977 Atticos
1101 915 1279 998 scriptores
1300 902 1408 980 ad‘

129 1017 272 1082 hibuisse
296 1026 328 1080 et
350 1024 462 1081 notum
486 1026 518 1081 et
541 1025 791 1082 consentaneum
814 1023 872 1082 est.
919 1017 1003 1081 Tum
1027 1016 1054 1080 si
1078 1023 1263 1099 spectamus
1284 1028 1417 1083 con‘

40 1186 43 1191 ,
130 1142 259 1183 sensum
297 1143 361 1183 non
397 1121 575 1202 perfectum
604 1123 734 1204 quidem
777 1120 1421 1202 11111111111111111111111111οιῑῐῐι

130 1223 453 1304 Pseudoapollodoro
483 1225 616 1306 eiusque
646 1246 726 1307 alnos
755 1222 1246 1304 111111111111111111111111111,
1279 1204 1425 1289 mihi

131 1327 260 1407 quidem
289 1347 479 1407 persuasum
510 1327 718 1391 1111111111111
747 1326 910 1410 quendam
933 1326 1124 1407 scriptorem
1146 1322 1422 1392 haecomnia

130 1430 164 1491 in
193 1429 295 1491 nmlto
324 1430 478 1492 maiorem
507 1451 657 1492 acervum
686 1431 860 1493 contulisse
887 1434 920 1492 et
940 1428 1016 1491 inde
1038 1429 1173 1494 Parium
1196 1431 1266 1494 sine
1289 1443 1423 1494 con*

131 1531 202 1593 silio
226 1536 258 1593 et
280 1531 398 1595 iudicio
423 1531 592 1596 delibasse.
632 1532 705 1615 Qua
729 1532 859 1615 quidem
882 1532 1008 1596 ratione
1031 1533 1154 1613 primus
1176 1532 1231 1597 ille
1245 1537 1416 1597 auctor

131 1635 423 1716 chronographiam
453 1657 545 1699 suam
575 1635 746 1717 digesserit
774 1641 806 1698 et
834 1634 1030 1716 disposuerit
1055 1635 1141 1698 infra
1167 1633 1403 1701 videbimus.-

131 1737 170 1800 de
194 1741 310 1815 aetate,
336 1739 404 1801 eius
427 1738 505 1819 qnid
529 1739 675 1818 sentiam,
700 1739 761 1802 hoc
782 1738 852 1801 loco
873 1737 1015 1801 breuiter
1030 1736 1199 1801 disseram.
1236 1737 1408 1819 Agitur

132 1840 171 1902 de
198 1838 326 1902 Actaeo
355 1862 392 1904 ex
419 1841 510 1904 Parii
541 1843 702 1905 sententia
730 1840 893 1922 indigena..
939 1840 1034 1904 Duae
1063 1839 1151 1922 apud
1179 1840 1401 1905 Eusebium

131 1964 242 2024 praep.
267 1964 379 2024 evang.
396 1943 442 2023 X,
469 1949 507 2007 10
530 1968 560 2026 p.
584 1948 647 2008 489
671 1943 857 2009 referuntur
878 1943 1068 2023 sententiae,
1091 1964 1158 2007 una
1180 1936 1397 2008 Hellanicis

132 2046 188 2127 qui
209 2046 393 2108 continuum
420 2053 457 2110 nt
481 2047 624 2111 efiiceret
645 2069 758 2129 regum
778 2046 923 2110 ordinem
946 2047 985 2109 iis
1007 2067 1088 2129 quos
1102 2047 1173 2128 ipse
1189 2037 1399 2129 acceperat1

131 2147 266 2210 ficticios
300 2149 493 2228 inseruerat,
530 2151 634 2214 altera
661 2149 848 2214 Philochori
884 2151 940 2232 qui
968 2150 1029 2213 has
1057 2169 1109 2212 res
1141 2147 1299 2212 iudicavit
1326 2138 1402 2212 9¹

131 2250 294 2314 refutarit.
345 2250 459 2333 Atque
489 2258 526 2316 ut
555 2254 589 2316 in
621 2253 683 2316 hac
713 2275 749 2317 re
778 2253 825 2315 ita
856 2252 954 2315 etiam
986 2253 1115 2334 saepius
1146 2251 1403 2332 pristinorum!

132 2355 308 2418 sententias
324 2357 482 2436 castigare
499 2363 645 2419 conatur.
675 2357 757 2419 Eius
773 2356 931 2437 imprimis
947 2355 1124 2418 sententias
1142 2358 1175 2419 et
1189 2354 1408 2436 opinione&

132 2457 343 2521 multifariam
378 2459 473 2539 plane
504 2459 684 2540 singulares
710 2458 804 2522 nobis
835 2458 974 2522 servavit
1003 2455 1166 2520 Eusebius
1195 2463 1234 2521 ut
1258 2463 1411 2540 supra

132 2560 236 2641 attigi.
274 2562 395 2624 Errare
417 2561 518 2642 igitur
532 2582 596 2624 non
612 2583 792 2643 possumus,
817 2562 843 2624 si
860 2562 1034 2624 statuimus
1050 2560 1173 2624 fontem
1189 2560 1415 2624 marmori&

131 2663 340 2727 vetustiorem
364 2686 461 2746 quam
485 2662 717 2727 Philochorum
740 2686 808 2729 esse
835 2670 868 2727 et
897 2663 1039 2746 pendere
1062 2663 1103 2726 ab
1127 2683 1164 2726 eo
1188 2663 1418 2745 scriptorey

132 2767 188 2846 qui
210 2766 414 2830 Actaeonem
442 2768 582 2849 primum
612 2789 721 2849 regem
756 2773 788 2832 11
815 2768 1003 2848 indigenam
1025 2765 1176 2844 referret,
1204 2765 1422 2848 idemquff

131 2869 194 2931 iam
226 2870 381 2951 probaret
417 2871 610 2932 sententiam
647 2892 758 2934 eorum
798 2872 853 2953 qui
883 2869 956 2933 illos
985 2890 1077 2950 reges
1106 2867 1244 2932 ficticios
1274 2866 1426 2932 1111θῦ

132 2969 266 3053 Ogygcn
303 2976 335 3033 et
369 2969 547 3052 Cecropem
584 2973 793 3055 interpositos
825 2972 1056 3055 improbabant
1090 2976 1122 3034 et
1155 2970 1427 3050 omittebantae

132 3078 230 3154 atque
261 3072 513 3136 exordiebantur
535 3096 554 3136 a
578 3073 730 3157 Cecrope.
776 3077 925 3140 Fuerunt
947 3075 1031 3138 enim
1055 3073 1111 3156 qui
1133 3094 1200 3136 non
1223 3072 1429 3156 Ogygerfl

131 3175 316 3256 indigenam
347 3176 432 3238 inter
464 3177 598 3259 eiusque
629 3184 776 3260 posteros
809 3180 1008 3242 Actaeonem
1041 3181 1272 3240 enumerarent
1302 3175 1430 3239 sedf

131 3278 335 3342 Actaeonem
357 3278 544 3361 indigenam
567 3288 722 3363 putarent
745 3287 777 3345 11
799 3282 840 3345 ab
864 3303 901 3345 eo
921 3277 1167 3364 ordirentur²⁸)‚
1191 3279 1288 3343 sicuti
1304 3278 1431 3344 aliif

132 3404 151 3445 a
167 3379 298 3445 Cranao
322 3388 354 3444 et
369 3380 524 3464 Cecrope.
563 3383 610 3448 Ut
632 3405 708 3447 vero
733 3385 920 3447 continuum
943 3383 1089 3446 ordinem
1113 3381 1267 3462 efficeret,
1286 3380 1385 3445 fone-

130 3485 222 3547 Parii
245 3484 352 3547 omisit
375 3506 429 3548 eos
453 3487 509 3567 qui
531 3486 768 3551 antecedebant
788 3488 821 3549 in
844 3486 938 3549 fastis
962 3491 994 3550 et
1016 3507 1035 3548 a
1060 3484 1204 3566 Cecrope
1231 3484 1357 3547 initium

131 3587 270 3650 fecitne
293 3588 481 3668 eaquidem
506 3589 536 3650 111
561 3610 596 3652 11
619 3589 810 3653 dissentiens
833 3588 873 3652 ab
897 3587 1054 3666 Eusebio,
1080 3588 1136 3670 qui
1161 3607 1356 3669 quamquam

132 3688 269 3771 nggen
290 3691 470 3753 nominavit
489 3696 598 3754 tamen
621 3693 762 3774 spatium
784 3692 869 3754 inter
892 3690 1069 3771 Cecropem
1093 3696 1125 3753 et
1141 3689 1279 3772 Ogygen
1292 3710 1354 3752 non

132 3794 240 3874 explet
275 3792 332 3855 sed
361 3814 381 3855 a
409 3793 554 3874 Cecrope
586 3795 753 3857 continuos
780 3815 872 3875 reges
901 3792 1152 3856 Atheniensium
1181 3791 1354 3855 exorditur.

131 3895 172 3958 ln
195 3894 372 3957 Atthidum
401 3895 500 3976 igitur
529 3897 743 3978 scriptoribus
766 3896 871 3959 fontes
896 3895 1073 3977 quaerendi
1095 3893 1176 3957 rrrihi
1198 3894 1353 3971 videntur,

220 4116 256 4185 ²⁸)
275 4117 310 4170 cf.
330 4115 412 4169 Paus.
431 4115 454 4180 Ι,
473 4118 497 4181 2,
516 4118 540 4171 5.
