2902 4846
482 178 615 271 A}
637 266 641 270 .
662 265 684 270 ,.

90 382 149 463 dog
199 375 345 465 Ἀθηνῶν
403 377 457 444 τὸν
501 385 565 443 τῶν
658 379 805 443 Philocli.
839 401 890 461 ap.
924 378 1032 444 Strab.
1064 402 1096 462 p.
1130 384 1203 443 397.

91 508 125 544 αν
182 477 289 563 ἀγῶνα
334 477 433 568 ἔθηκε
477 488 566 546 Σῖνιν
611 479 771 565 Κέκροῑια
803 484 932 565 πρῶτον
955 531 1070 546 ......
1102 480 1204 545 πάλιν

90 583 167 661 τίνας
191 586 257 648 κτλ.
611 585 638 647 δ’
665 583 793 671 ὕστερον
825 579 872 660 εἰς
903 580 981 666 μίαν
1010 581 1109 650 πόλιν
1132 607 1200 648 σνν-

582 692 583 699 ’
610 691 740 771 αμαγεῖν
763 685 886 771 λέγεται
910 685 967 774 τὴν
991 690 1044 750 νῦν
1066 684 1124 765 τὰς
1142 684 1202 751 δώ-

610 792 687 855 δεκα
720 788 852 877 Θησεύς,
887 787 1110 872 ἐβασιλεύοντο
1142 789 1201 872 μὲν

608 883 677 977 [οὖν
699 888 728 956 οἳ
749 888 931 978 Ἀθηναῖοι]
955 891 1121 979 πρότερον,
1142 889 1200 958 εἰτ’

607 989 652 1072 εἷς
675 992 891 1082 ὁνμοκρατιάν
912 993 1119 1084 μετέστησαν.

90 1100 216 1163 idemus
248 1100 346 1162 etiam
378 1099 609 1162 Philochorum
637 1099 702 1162 iam
731 1099 771 1162 de
801 1100 1000 1165 democratia
1025 1123 1045 1164 a
1072 1101 1199 1166 Theseo

90 1210 120 1265 ta
138 1203 277 1279 scivisse,
295 1202 355 1264 fuit
372 1207 458 1264 corte
475 1202 635 1264 sententia
652 1203 828 1266 communis
844 1202 1031 1268 Atticorum
1047 1205 1199 1286 omnium,

93 1308 191 1368 etiam
213 1306 303 1367 auxit
318 1304 389 1367 fons
406 1303 550 1381 Eusebii,
574 1305 719 1384 quicum
741 1307 931 1370 ostracismo
946 1307 1055 1388 patria
1069 1309 1200 1390 pulsum

90 1410 152 1471 icit.
199 1407 320 1472 Confer
345 1407 387 1470 as]
409 1408 493 1470 hanc
516 1429 583 1470 rem
605 1406 751 1489 Thucyd.
767 1409 815 1488 II,
835 1413 883 1488 15,
900 1414 929 1490 2,
952 1409 1051 1473 Diod.
1068 1410 1130 1492 IV,
1148 1417 1199 1491 61,

90 1535 108 1575 ι.
133 1513 171 1573 fr.
196 1516 236 1573 28
260 1511 318 1595 (M.
344 1511 400 1573 HI
424 1533 453 1591 p.
479 1510 556 1594 642)
577 1531 656 1573 neve
679 1511 860 1592 neglexeris
875 1511 1015 1576 Aristot.
1038 1513 1077 1576 fr.
1101 1513 1200 1578 aubi

90 1637 107 1676 n
137 1636 201 1676 non
231 1613 272 1676 ad
304 1613 536 1676 democratiam
564 1612 620 1675 sed
644 1612 686 1675 ad
709 1614 941 1678 ochlocratiam
965 1615 1128 1680 Theseum
1151 1617 1199 1682 in-

90 1739 105 1779 e
130 1716 217 1778 dicit.
240 1755 282 1762 —
305 1716 362 1778 Ad
385 1716 523 1778 alteram
547 1737 613 1778 rem
636 1715 698 1778 hac
720 1717 844 1798 epocha
867 1723 1036 1782 narratam
1052 1718 1091 1782 cf.
1108 1720 1197 1783 Plut.

90 1841 113 1882 c,
132 1824 182 1881 25.
217 1817 271 1881 καὶ
295 1816 351 1882 τὸν
374 1813 482 1901 ἀγῶνα
504 1821 632 1901 πρῶτος
655 1812 771 1905 ἔθηκεν
793 1816 878 1883 κατὰ
901 1817 993 1906 ζηλὸν
1003 1816 1198 1906 Ἡρακλέους

111 1920 230 1984 ἐκεῖνον
251 1917 416 2003 Ὀλύμπια
445 1924 491 2005 τῷ
515 1919 573 1985 Jd
595 1919 651 1985 καὶ
675 1920 716 1984 δι’
741 1916 839 1986 αὐτὸν
854 1917 992 2004 ’Ἰσθμια
1014 1926 1060 2010 τῷ
1082 1929 1197 1989 Ποσει-

90 2023 307 2109 μλοτιμνβείς
341 2019 428 2107 ἄγειν
460 2028 534 2102 τοιῖς
551 2023 714 2110 Ἓλληνας.
759 2019 837 2087 ἔνιοι
861 2023 898 2088 δέ
919 2048 1020 2111 φασιν
1043 2024 1102 2091 ἐπὶ
1125 2033 1197 2091 Σκι-

90 2125 108 2190 h
133 2123 273 2207 ’Ἰσθμια
295 2131 427 2214 τεθῆναι
453 2131 511 2190 τοῦ
531 2124 661 2213 Θησέως
685 2120 920 2212 ἀφοσιουμένου
942 2126 999 2194 τὸν
1021 2127 1120 2215 φόνον
1143 2128 1199 2196 διὰ

90 2228 245 2314 ‘pyrrhica
281 2225 309 2292 oi
346 2228 381 2294 δὲ
403 2234 495 2294 Σῐνιν
529 2224 564 2291 οὗ
587 2232 749 2314 Σκειριῦνα
771 2227 827 2293 καὶ
853 2227 909 2294 τὸν
933 2225 1041 2316 ἀγῶνα
1062 2235 1197 2320 τεθῆναι

90 2338 168 2397 rfrou
204 2329 269 2397 ιῗντὸ
298 2331 428 2419 Θιμέιος
462 2328 497 2396 οὐ
533 2332 574 2396 δι’
610 2330 728 2396 ἐκεῖνον
742 2382 835 2397 .....
859 2329 902 2411 ὠς
924 2329 1106 2414 Ἑλλάνικος
1140 2334 1196 2400 καὶ

90 2463 111 2499 ιν
133 2433 150 2501 ὁ
164 2433 430 2518 Ἁλικαρνασσεὺς
454 2431 667 2522 ἱστορήκασιν.
706 2435 864 2502 Videmus
880 2459 919 2500 ex
935 2437 997 2501 hoo
1012 2438 1196 2521 fragmento

93 2562 142 2604 cm
166 2539 263 2603 rebus
287 2540 399 2603 eadem
422 2540 630 2603 Hellanicum
654 2544 687 2602 et
709 2539 845 2605 Parium
867 2541 1042 2623 scripsisse.

98 2650 148 2706 21.
193 2638 279 2707 Ἀπὸ
314 2646 369 2729 τῆς
397 2637 585 2726 Ἀμ[αζ]ό-λ
654 2641 732 2705 Eua
765 2665 795 2724 p.
827 2647 868 2706 50
898 2643 966 2727 Hp.
1027 2638 1197 2726 Ἆμᾶζονες

90 2742 135 2832 τὶς]
178 2742 249 2834 τὴν
283 2743 433 2833 Αττικὴν
465 2767 557 2831 στρα-
609 2740 694 2808 κατὰ
712 2739 895 2831 Ἀθηναίων
917 2743 1139 2832 ἐστράτευσαν.

90 2850 141 2913 τλ.
653 2847 814 2930 Thrasyll.
847 2849 867 2912 l.
903 2871 929 2913 c.
993 2844 1040 2925 εἰς
1072 2873 1107 2913 τε
1139 2848 1196 2938 τὴν

603 2944 785 3031 Ἀμαζόνων
828 2945 873 3031 εἰς
916 2946 1058 3038 Ἀθήνας
1102 2974 1194 3038 στρα-

607 3047 696 3115 τείαν
717 3050 786 3116 κτλ.

90 3163 217 3221 amatur
244 3179 295 3221 res
320 3180 339 3219 a
363 3156 509 3222 Clidemo
532 3155 570 3219 fr.
596 3161 614 3218 6
644 3156 702 3240 (Μ.
726 3155 745 3218 Ι
767 3177 797 3238 p.
823 3154 914 3240 360);
946 3155 1056 3222 Strab.
1080 3178 1106 3220 o.
1132 3161 1195 3222 504

90 3262 151 3338 oia;
177 3261 276 3323 Paua.
295 3260 322 3339 Ι,
345 3263 396 3339 41,
416 3265 443 3323 7.
489 3258 586 3323 Diod.
603 3259 664 3337 IV,
682 3263 737 3338 283
762 3264 961 3322 memoratur
983 3259 1017 3322 in
1039 3259 1194 3324 honorem

92 3365 215 3428 ensium
247 3363 288 3426 ah
320 3362 491 3427 Herodoto
521 3362 593 3442 IX,
624 3367 674 3441 27,
706 3360 747 3425 ab
778 3361 924 3425 Isocrate
953 3383 1069 3445 paneg.
1100 3361 1119 3448 ξ
1144 3367 1192 3426 70.

92 3488 167 3529 vero
197 3467 343 3547 gravius,
372 3466 470 3529 etiam
493 3464 684 3527 Hellanicus
714 3463 799 3527 hanc
827 3485 895 3526 rem
922 3465 1068 3528 narravit
1089 3464 1127 3528 fr.
1152 3469 1192 3529 sl

92 3591 146 3646 κος
189 3567 223 3632 δὲ
258 3564 275 3632 ὁ
310 3565 459 3650 Λέσβιός
493 3588 592 3653 φησιν
625 3564 675 3632 ὅτι
711 3562 870 3649 παγέντος
903 3569 960 3628 τοῦ
993 3571 1196 3653 Κιμμερικοῦ

90 3696 140 3757 ρον
175 3670 327 3759 διέβησαν
360 3666 459 3736 αι”τόν
492 3668 547 3734 καὶ
581 3660 683 3757 ἦλθον
716 3662 760 3744 εἰς
794 3665 850 3755 τὴν
879 3663 1029 3756 Ἀττικὴν
1059 3669 1128 3734 κτλ.
1151 3707 1194 3717 -

90 3797 119 3837 ἐι
156 3773 191 3838 δὲ
225 3773 281 3862 τὴν
315 3769 433 3838 αἰτίαν.
486 3775 599 3855 Atque
622 3793 726 3855 aeque
749 3791 787 3833 ac
809 3770 927 3836 Parius
948 3777 1063 3835 auctor
1085 3773 1194 3838 omisit

90 3903 96 3941 ι

107 3984 158 4043 22.
218 3973 293 4065 Ἀφ’
339 3965 374 4041 οὗ
416 3973 580 4063 lappelee*
648 3977 728 4040 Eus
758 3980 799 4039 48
828 3975 892 4039 He.
947 3969 977 4038 οὶ
1011 3969 1101 4041 ἔπτὰ
1133 3973 1193 4041 ἐπὶ

116 4077 309 4167 Ἀδράσλτοι·
343 4079 402 4145 ἐντὶ
429 4078 554 4168 Θήβας
578 4074 580 4141 ἰ
610 4075 720 4166 Θήβας
743 4073 955 4164 ἐστράτευσαν

90 4185 205 4266 ΙῙεισαν
249 4183 304 4248 καὶ
347 4179 405 4250 τὸν
445 4177 553 4267 ἀγῶνα
650 4181 766 4246 Thrae.
793 4182 814 4245 1.
842 4202 867 4244 c.
921 4171 992 4243 εἶτα
1026 4175 1085 4243 ἐπὶ
1118 4178 1193 4256 τοὺς

92 4285 184 4373 endor
209 4282 386 4372 [ἔλθλεσλαν
410 4281 552 4372 [reddet]
579 4332 581 4379 p
606 4278 694 4348 ἓνττὰ
718 4280 777 4347 ἐντὶ
804 4281 914 4370 Θήβας
936 4280 1004 4346 κτλ.

579 4386 582 4469 t
650 4385 748 4450 Diod.
776 4383 838 4466 IV,
874 4390 924 4449 65.
980 4377 1012 4450 οὶ
1045 4380 1082 4448 δὲ
1115 4380 1192 4470 περὶ
