2940 4844
717 187 758 254 20

163 392 225 478 Ep.
241 398 290 460 13.
324 389 398 482 Ἀφ’
419 380 455 457 oi·
472 391 707 481 Τριπτό[λεμσς
732 396 735 497 η
804 396 883 460 Euo.
898 399 937 457 36
955 393 1010 460 Hl.
1031 385 1208 472 Ἐλευσῖνος
1221 387 1347 473 πόλεως

120 494 282 564 ὁΚελεοῦ
315 495 455 583 καρπὸν]
491 492 638 582 ἔσπειρεν
675 496 708 562 έν
732 504 734 571 ξ
760 496 878 576 Κελεὸς
900 493 1102 580 ἐβασίλευσεν
1124 497 1202 561 καθ’
1226 489 1264 562 ὃν
1279 505 1347 583 Τρι-

119 605 158 687 τῇ
191 596 305 688 Ῥαριήι
345 596 522 686 καλουμένῃ
554 595 706 665 Ἐλευσῖνι
760 598 920 682 πτόλεμος
942 589 988 687 ἢν,
1013 597 1048 665 ὅν
1060 622 1158 686 φησιν
1174 597 1349 686 Φιλόχορος

121 704 189 768 κτλ.
758 707 870 790 μακρῷ
897 700 1003 789 πλοιίμ
1030 700 1256 787 προςβαλόντα
1278 707 1349 781 ταῖς

731 810 733 887 l
760 805 895 870 πόλεσιν
916 804 973 871 τὸν
995 809 1084 870 σῖτον
1107 800 1243 869 διδόναι.
1267 801 1347 869 ὑπο-

731 894 733 901 *
758 912 905 972 νοεῖσθαι
928 906 963 972 δέ
984 906 1149 993 πτερωτὸν
1172 902 1251 995 ὅφιν
1266 900 1348 973 εἶναι

757 1010 814 1098 την
826 1014 911 1092 ναῦν,
926 1005 1007 1090 ἔχειν
1019 1009 1054 1074 δέ
1065 1035 1096 1074 τι
1109 1014 1167 1074 τοῦ
1176 1009 1348 1098 σχήματος.

207 1115 358 1196 Apparet
380 1114 412 1175 in
435 1113 485 1175 his
501 1112 607 1176 verbis
624 1113 842 1196 discrepantia
859 1116 944 1178 inter
960 1136 1102 1177 marmor
1118 1120 1151 1178 et
1166 1114 1348 1178 Eusebium

120 1216 186 1279 sive
222 1222 259 1278 ut
294 1217 413 1279 rectius
442 1215 547 1278 dicam
576 1215 817 1281 Philochorum.
868 1217 984 1299 Neque
1012 1216 1097 1279 enirn
1127 1215 1349 1299 Triptolemus

121 1318 210 1382 Celei
240 1317 340 1398 filius,
371 1324 407 1382 ut
437 1317 624 1382 Boeckhius
654 1341 693 1382 ex
723 1319 928 1383 antecedenti
962 1320 1100 1402 epocha,
1131 1317 1234 1384 Suida
1266 1341 1290 1383 s.
1321 1343 1347 1382 v.

119 1414 259 1503 Ῥαριάς,
283 1420 511 1504 Pseudoapoll.
536 1421 563 1500 I,
581 1426 609 1501 5,
629 1427 646 1485 2
670 1428 756 1486 recte
779 1423 978 1504 supplevisse
1001 1422 1080 1484 mihi
1097 1421 1236 1508 videtur,
1261 1424 1349 1506 apud

120 1523 352 1587 Philochorum
382 1530 431 1587 est
460 1525 516 1589 sed
545 1525 638 1605 quasi
667 1525 794 1588 divinus
824 1526 958 1588 advena.
1000 1523 1106 1595 Plane
1129 1523 1282 1602 aliaest,
1315 1531 1349 1589 ut

120 1633 229 1689 tamen
253 1628 355 1708 magis
379 1627 421 1690 ad
444 1650 587 1691 marmor
609 1627 751 1709 inclinet,
775 1629 919 1692 narratio
944 1627 1030 1710 apud
1046 1626 1229 1690 Diodorum
1252 1626 1279 1704 I,
1298 1632 1348 1690 20.

124 1726 335 1814 Τριπτολέμῳ
358 1729 385 1792 d’
410 1727 588 1816 ἐπιτρέψαι
609 1731 690 1814 (scil.
703 1727 759 1794 τὸν
773 1725 914 1815 Ὄσιριν)
938 1728 996 1808 τὰς
1018 1727 1103 1793 κατὰ
1124 1727 1181 1816 τὴν
1199 1723 1350 1816 Ἀττικὴν

120 1828 280 1915 γεωργίας,
315 1829 404 1910 τέλος
438 1830 473 1895 δέ
506 1830 561 1896 τὸν
577 1828 703 1917 Ὄσιριν
736 1831 922 1897 &archidiac
950 1836 1062 1896 πᾶσαν
1084 1830 1141 1918 την
1164 1827 1350 1918 οἰκουμένην

119 1931 176 1997 τὸν
197 1931 305 1999 κοινὸν
326 1931 398 2016 βίον
420 1940 487 2012 τοῖς
509 1931 724 2022 ἡμερωτάτοις
746 1939 885 2019 καρποῖς
908 1929 1117 2021 ειλεργετησαι,
1142 1956 1214 1999 cum
1238 1941 1349 2016 partes

120 2058 200 2119 quas
224 2038 440 2101 Philochorus
468 2040 523 2101 uni
546 2039 747 2121 Triptolemo
778 2039 893 2102 tribuit
922 2039 1080 2102 hocloco
1111 2039 1144 2102 in
1173 2039 1256 2102 duos
1285 2037 1349 2101 dis-

119 2140 317 2204 tribuantur.
363 2140 580 2222 Cognoscitur
614 2141 665 2205 his
695 2140 833 2204 Diodori
861 2141 965 2206 verbis
995 2162 1097 2205 novus
1125 2141 1350 2205 Romanorum

120 2241 224 2305 cultus
260 2243 394 2307 deorum
422 2242 674 2325 Aegyptiorum,
711 2245 801 2332 cuius
834 2245 881 2308 rei
916 2245 1096 2327 exemplum
1129 2244 1228 2308 etiam
1262 2242 1350 2326 apud

120 2345 307 2424 Eusebium,
331 2345 420 2408 Iside
442 2351 573 2428 praeter
589 2345 741 2410 Cererem
764 2347 945 2425 nominata,
969 2347 1176 2411 inseruerunt
1198 2346 1350 2410 videlicet

119 2447 338 2530 mythologiae
373 2469 470 2529 quam
503 2471 522 2512 a
556 2449 732 2513 maioribus
767 2455 960 2532 acceperunt
994 2450 1172 2512 sententias
1208 2454 1242 2512 et
1271 2469 1349 2512 suac

117 2551 237 2614 aetatis
268 2553 443 2633 opiniones.
489 2552 632 2615 Marmor
662 2553 792 2635 quidem
823 2557 860 2616 ut
889 2573 928 2615 ex
950 2552 1060 2615 multis
1084 2552 1157 2615 aliis
1181 2551 1280 2614 rebus
1302 2553 1349 2616 ita

121 2673 160 2715 ex
182 2653 243 2717 hac
262 2656 400 2718 maxime
423 2659 515 2736 patet
537 2656 695 2718 intactum
719 2677 787 2720 esse
811 2655 980 2718 sententiis
996 2654 1187 2717 Philochori
1209 2653 1349 2733 ficticiis,

121 2762 265 2818 secutum
288 2779 364 2820 vero
388 2779 456 2821 esse
476 2758 746 2822 Homerumsive
770 2759 980 2838 Homericos,
1005 2779 1085 2839 quos
1109 2756 1350 2838 Triptolemum

119 2860 205 2920 inter
237 2859 421 2924 Eleusinios
460 2881 665 2924 enumerasse
706 2868 820 2925 auctor
853 2869 902 2924 est
932 2861 1115 2924 Pausanias
1144 2857 1199 2938 H,
1234 2865 1290 2940 14,
1322 2866 1349 2924 3.

120 2961 384 3044 Discrepantiam
407 2985 481 3027 vero
506 2962 545 3026 de
568 2964 758 3045 parentibus
782 2964 973 3046 Triptolemi
995 2964 1060 3026 iam
1081 2965 1166 3026 inter
1182 2963 1348 3045 Panyasis

124 3069 156 3126 et
179 3064 401 3146 Pherecydem
423 3066 521 3129 inisse
545 3068 687 3130 ostendit
709 3065 1050 3148 Pseudoapollodorus
1072 3066 1093 3128 l.
1117 3087 1142 3128 c.
1179 3064 1350 3144 Πανύασις

120 3164 155 3228 (λέ
171 3164 393 3250 Ίριπτόλεμον
415 3163 590 3246 Ἐλευσῖνος
613 3167 705 3252 λέγει,
723 3166 901 3254 Φερεκύδης
924 3165 960 3230 δέ
972 3188 1069 3254 φησιν
1082 3162 1182 3232 αὐτὸν
1192 3163 1351 3233 Ὠκεανοῦ

119 3268 174 3332 sat
198 3270 307 3356 rhoffi)

205 3375 275 3456 Ep.
302 3377 341 3437 14
363 3395 446 3455 quae
469 3375 508 3438 de
531 3374 663 3456 Orpheo
686 3379 871 3453 narrantur,
895 3373 1121 3455 mysteriorum
1145 3375 1350 3456 aliorumque

120 3478 299 3540 carminum
333 3479 489 3560 scriptore
524 3478 671 3559 plurimis
704 3479 782 3542 locis
815 3477 1037 3556 inveniuntur,
1072 3483 1170 3558 atque
1205 3477 1247 3541 de
1281 3481 1350 3542 eius

208 3731 243 3801 ⁹³)
261 3733 363 3785 Miram
393 3732 468 3784 intcr
499 3731 676 3800 singulorum
707 3732 988 3799 chronographorum
1019 3738 1117 3800 opera'
1134 3729 1350 3786 cohaerentiam

121 3837 292 3888 cognoscere
323 3819 391 3870 licet
423 3835 456 3869 ex
484 3818 519 3869 iis
544 3835 614 3884 quae
637 3819 820 3871 inveniuntur
842 3819 870 3870 in
894 3817 983 3869 latina
1007 3818 1135 3872 versione
1159 3818 1350 3884 praefationis

122 3906 299 3958 Eusebianos
322 3907 384 3973 p.7
409 3904 451 3956 ed.
471 3904 609 3957 Schoene:
637 3904 777 3970 „Liberae
801 3921 912 3970 quoque
931 3908 1028 3971 raptus
1048 3911 1076 3956 ot
1094 3903 1243 3972 Europae,
1270 3923 1351 3961 sacra

120 3993 231 4045 Cereris
250 3997 336 4057 atque
354 3990 446 4055 Isidis,
466 3990 614 4043 delubrum
633 3991 663 4043 in
681 3991 818 4044 Eleusina
835 3991 978 4043 frumenta
990 3990 1158 4058 Triptolemi
1178 3996 1208 4044 et
1227 4010 1349 4062 regnum

118 4077 207 4140 Trois,
888 4078 896 4095 '

342 4164 426 4215 Ouios
445 4162 483 4215 Di
501 4167 598 4215 natum
617 4162 808 4230 Ganymedem
827 4161 863 4214 ad
881 4160 973 4213 sidera
991 4166 1103 4231 raptum

335 4249 409 4301 Vina
427 4249 504 4302 Iovis
523 4249 619 4318 Magni
638 4249 788 4301 voluerunt
807 4246 926 4299 fundere
945 4249 1074 4301 mensis.“

119 4333 222 4384 collato
249 4333 310 4386 loco
335 4335 486 4402 Thrasylli:
521 4343 565 4388 καὶ
594 4332 649 4388 ἀπὸ
673 4332 740 4402 Ἴδης
768 4331 926 4404 ἐμπρησμοῦ
954 4338 997 4386 ἐπὶ
1024 4335 1196 4406 Γανυμήδους
1219 4336 1350 4416 ἁρπαγὴν

118 4423 165 4485 ἔτη
185 4419 218 4480 ξέ.
