<?xml version="1.0" encoding="UTF-8"?>
<!DOCTYPE html PUBLIC "-//W3C//DTD XHTML 1.0 Transitional//EN"
    "http://www.w3.org/TR/xhtml1/DTD/xhtml1-transitional.dtd">
<html xmlns="http://www.w3.org/1999/xhtml" xml:lang="en" lang="en">
 <head>
  <title>
</title>
<meta http-equiv="Content-Type" content="text/html;charset=utf-8" />
  <meta name='ocr-system' content='tesseract 3.04.00' />
  <meta name='ocr-capabilities' content='ocr_page ocr_carea ocr_par ocr_line ocrx_word'/>
</head>
<body>
  <div class='ocr_page' id='page_1' title='image "./quaestionesdema00doppgoog_0052.png"; bbox 0 0 2902 4846; ppageno 0'>
   <div class='ocr_carea' id='block_1_1' title="bbox 655 182 720 275">
    <p class='ocr_par' dir='ltr' id='par_1_1' title="bbox 655 182 720 275">
     <span class='ocr_line' id='line_1_1' title="bbox 655 182 720 275; baseline -0.031 -36"><span class='ocrx_word' id='word_1_1' title='bbox 655 268 659 275; x_wconf 24' lang='lat'><em>¹</em></span> <span class='ocrx_word' id='word_1_2' title='bbox 679 182 720 239; x_wconf 77' lang='lat' dir='ltr'>ts</span> 
     </span>
    </p>
   </div>
   <div class='ocr_carea' id='block_1_2' title="bbox 79 378 1325 4484">
    <p class='ocr_par' dir='ltr' id='par_1_2' title="bbox 79 378 1318 1600">
     <span class='ocr_line' id='line_1_2' title="bbox 91 378 1314 465; baseline 0.002 -21"><span class='ocrx_word' id='word_1_3' title='bbox 91 378 213 449; x_wconf 82' lang='lat' dir='ltr'>lbiauae</span> <span class='ocrx_word' id='word_1_4' title='bbox 248 380 414 465; x_wconf 73' lang='lat' dir='ltr'><strong>Ephesiae</strong></span> <span class='ocrx_word' id='word_1_5' title='bbox 448 380 658 463; x_wconf 82' lang='lat' dir='ltr'>eontlagrurit</span> <span class='ocrx_word' id='word_1_6' title='bbox 690 420 732 429; x_wconf 85' lang='lat'>—-</span> <span class='ocrx_word' id='word_1_7' title='bbox 765 380 942 464; x_wconf 70' lang='lat' dir='ltr'>Euripides</span> <span class='ocrx_word' id='word_1_8' title='bbox 979 382 1132 461; x_wconf 78' lang='lat' dir='ltr'>lliurpsin</span> <span class='ocrx_word' id='word_1_9' title='bbox 1170 384 1314 463; x_wconf 76' lang='lat' dir='ltr'>tyranni-</span> 
     </span>
     <span class='ocr_line' id='line_1_3' title="bbox 101 484 1315 563; baseline 0 -14"><span class='ocrx_word' id='word_1_10' title='bbox 101 484 162 551; x_wconf 84' lang='lat' dir='ltr'>dem</span> <span class='ocrx_word' id='word_1_11' title='bbox 196 486 331 552; x_wconf 73' lang='lat' dir='ltr'>incurate</span> <span class='ocrx_word' id='word_1_12' title='bbox 374 492 520 547; x_wconf 81' lang='lat' dir='ltr'>irrortuus</span> <span class='ocrx_word' id='word_1_13' title='bbox 542 522 585 531; x_wconf 83' lang='lat'><em>-</em></span> <span class='ocrx_word' id='word_1_14' title='bbox 613 484 775 563; x_wconf 77' lang='lat' dir='ltr'>Diogenes</span> <span class='ocrx_word' id='word_1_15' title='bbox 814 494 844 549; x_wconf 90' lang='lat' dir='ltr'>et</span> <span class='ocrx_word' id='word_1_16' title='bbox 876 484 1068 549; x_wconf 71' lang='lat' dir='ltr'><strong>Alexander</strong></span> <span class='ocrx_word' id='word_1_17' title='bbox 1112 484 1225 549; x_wconf 90' lang='lat' dir='ltr'>eodem</span> <span class='ocrx_word' id='word_1_18' title='bbox 1263 485 1315 549; x_wconf 86' lang='lat' dir='ltr'>die.</span> 
     </span>
     <span class='ocr_line' id='line_1_4' title="bbox 109 586 1314 669; baseline 0 -18"><span class='ocrx_word' id='word_1_19' title='bbox 109 586 241 655; x_wconf 73' lang='lat' dir='ltr'><strong>defuncti.</strong></span> <span class='ocrx_word' id='word_1_20' title='bbox 298 588 372 653; x_wconf 90' lang='lat' dir='ltr'>Hos</span> <span class='ocrx_word' id='word_1_21' title='bbox 406 589 665 669; x_wconf 66' lang='lat' dir='ltr'>sruclrronisuros</span> <span class='ocrx_word' id='word_1_22' title='bbox 706 598 867 651; x_wconf 78' lang='lat' dir='ltr'>:irruerunt</span> <span class='ocrx_word' id='word_1_23' title='bbox 910 596 941 653; x_wconf 95' lang='lat' dir='ltr'>et</span> <span class='ocrx_word' id='word_1_24' title='bbox 980 588 1234 652; x_wconf 80' lang='lat' dir='ltr'>errrerulrnernnt</span> <span class='ocrx_word' id='word_1_25' title='bbox 1265 588 1314 653; x_wconf 86' lang='lat' dir='ltr'>vel</span> 
     </span>
     <span class='ocr_line' id='line_1_5' title="bbox 79 690 1314 775; baseline 0.002 -22"><span class='ocrx_word' id='word_1_26' title='bbox 79 706 85 727; x_wconf 77' lang='lat'><em>*</em></span> <span class='ocrx_word' id='word_1_27' title='bbox 111 690 341 757; x_wconf 75' lang='lat' dir='ltr'>immutaverunt</span> <span class='ocrx_word' id='word_1_28' title='bbox 385 694 580 774; x_wconf 71' lang='lat' dir='ltr'>posteriores</span> <span class='ocrx_word' id='word_1_29' title='bbox 617 693 661 755; x_wconf 92' lang='lat' dir='ltr'>itu</span> <span class='ocrx_word' id='word_1_30' title='bbox 697 700 735 755; x_wconf 91' lang='lat' dir='ltr'>nt</span> <span class='ocrx_word' id='word_1_31' title='bbox 771 714 868 775; x_wconf 64' lang='lat' dir='ltr'>seuam</span> <span class='ocrx_word' id='word_1_32' title='bbox 903 692 1140 756; x_wconf 89' lang='lat' dir='ltr'>absurditatem</span> <span class='ocrx_word' id='word_1_33' title='bbox 1180 693 1314 755; x_wconf 88' lang='lat' dir='ltr'>mireris.</span> 
     </span>
     <span class='ocr_line' id='line_1_6' title="bbox 117 795 1316 877; baseline 0.001 -18"><span class='ocrx_word' id='word_1_34' title='bbox 117 795 302 861; x_wconf 76' lang='lat' dir='ltr'>Inueniuntur</span> <span class='ocrx_word' id='word_1_35' title='bbox 340 796 437 859; x_wconf 90' lang='lat' dir='ltr'>etiam</span> <span class='ocrx_word' id='word_1_36' title='bbox 471 795 558 877; x_wconf 93' lang='lat' dir='ltr'>apud</span> <span class='ocrx_word' id='word_1_37' title='bbox 593 795 774 859; x_wconf 78' lang='lat' dir='ltr'>Eusebium</span> <span class='ocrx_word' id='word_1_38' title='bbox 813 796 893 859; x_wconf 89' lang='lat' dir='ltr'>haec</span> <span class='ocrx_word' id='word_1_39' title='bbox 938 818 968 877; x_wconf 90' lang='lat' dir='ltr'>p.</span> <span class='ocrx_word' id='word_1_40' title='bbox 1015 800 1055 857; x_wconf 80' lang='lat'>86</span> <span class='ocrx_word' id='word_1_41' title='bbox 1093 796 1157 877; x_wconf 85' lang='lat' dir='ltr'>Hg.</span> <span class='ocrx_word' id='word_1_42' title='bbox 1199 796 1316 860; x_wconf 86' lang='lat' dir='ltr'>Arebri-</span> 
     </span>
     <span class='ocr_line' id='line_1_7' title="bbox 96 898 1316 982; baseline 0.001 -21"><span class='ocrx_word' id='word_1_43' title='bbox 96 898 206 963; x_wconf 81' lang='lat' dir='ltr'>lochus</span> <span class='ocrx_word' id='word_1_44' title='bbox 224 898 406 965; x_wconf 79' lang='lat' dir='ltr'>Simonides</span> <span class='ocrx_word' id='word_1_45' title='bbox 429 898 686 979; x_wconf 72' lang='lat' dir='ltr'>(Aristoxenus).</span> <span class='ocrx_word' id='word_1_46' title='bbox 711 922 739 982; x_wconf 91' lang='lat' dir='ltr'>p.</span> <span class='ocrx_word' id='word_1_47' title='bbox 764 904 805 961; x_wconf 88' lang='lat' dir='ltr'>ss</span> <span class='ocrx_word' id='word_1_48' title='bbox 829 900 887 963; x_wconf 90' lang='lat' dir='ltr'>Ht&#39;.</span> <span class='ocrx_word' id='word_1_49' title='bbox 911 899 1093 963; x_wconf 75' lang='lat' dir='ltr'>Sirnnnides</span> <span class='ocrx_word' id='word_1_50' title='bbox 1113 900 1316 981; x_wconf 74' lang='lat' dir='ltr'>l’hocyllides</span> 
     </span>
     <span class='ocr_line' id='line_1_8' title="bbox 126 1000 1316 1085; baseline 0.002 -20"><span class='ocrx_word' id='word_1_51' title='bbox 126 1000 326 1085; x_wconf 79' lang='lat' dir='ltr'>Xenophanes,</span> <span class='ocrx_word' id='word_1_52' title='bbox 367 1022 399 1083; x_wconf 88' lang='lat' dir='ltr'>p.</span> <span class='ocrx_word' id='word_1_53' title='bbox 439 1004 499 1063; x_wconf 88' lang='lat' dir='ltr'>1th</span> <span class='ocrx_word' id='word_1_54' title='bbox 539 1001 594 1065; x_wconf 91' lang='lat' dir='ltr'>Hi.</span> <span class='ocrx_word' id='word_1_55' title='bbox 648 1002 842 1065; x_wconf 83' lang='lat' dir='ltr'>Hellanicus</span> <span class='ocrx_word' id='word_1_56' title='bbox 880 1002 1087 1065; x_wconf 87' lang='lat' dir='ltr'>Denroeritns</span> <span class='ocrx_word' id='word_1_57' title='bbox 1126 1002 1316 1067; x_wconf 75' lang='lat' dir='ltr'>Heraclitus</span> 
     </span>
     <span class='ocr_line' id='line_1_9' title="bbox 128 1098 1317 1189; baseline -0.002 -22"><span class='ocrx_word' id='word_1_58' title='bbox 128 1104 305 1189; x_wconf 79' lang='lat' dir='ltr'>Anaxagoras</span> <span class='ocrx_word' id='word_1_59' title='bbox 329 1102 386 1189; x_wconf 79' lang='lat' dir='ltr'>tot.</span> <span class='ocrx_word' id='word_1_60' title='bbox 403 1102 494 1169; x_wconf 85' lang='lat' dir='ltr'>Suid.</span> <span class='ocrx_word' id='word_1_61' title='bbox 518 1126 542 1165; x_wconf 91' lang='lat' dir='ltr'>s.</span> <span class='ocrx_word' id='word_1_62' title='bbox 560 1126 588 1165; x_wconf 87' lang='lat' dir='ltr'>r.</span> <span class='ocrx_word' id='word_1_63' title='bbox 611 1098 806 1181; x_wconf 70' lang='grc' dir='ltr'><em>Ἑλλάνικος,</em></span> <span class='ocrx_word' id='word_1_64' title='bbox 830 1106 886 1169; x_wconf 93' lang='lat' dir='ltr'>ubi</span> <span class='ocrx_word' id='word_1_65' title='bbox 912 1105 1102 1168; x_wconf 75' lang='lat' dir='ltr'>Hellanicus</span> <span class='ocrx_word' id='word_1_66' title='bbox 1126 1105 1317 1169; x_wconf 86' lang='lat' dir='ltr'>Herodotus</span> 
     </span>
     <span class='ocr_line' id='line_1_10' title="bbox 130 1204 1315 1289; baseline 0 -18"><span class='ocrx_word' id='word_1_67' title='bbox 130 1204 264 1289; x_wconf 81' lang='lat' dir='ltr'>Sophocles</span> <span class='ocrx_word' id='word_1_68' title='bbox 287 1206 464 1289; x_wconf 79' lang='lat' dir='ltr'>Euripides</span> <span class='ocrx_word' id='word_1_69' title='bbox 494 1206 813 1289; x_wconf 85' lang='lat' dir='ltr'>euurprelreruluntur</span> <span class='ocrx_word' id='word_1_70' title='bbox 843 1216 873 1271; x_wconf 91' lang='lat' dir='ltr'>et</span> <span class='ocrx_word' id='word_1_71' title='bbox 900 1208 985 1273; x_wconf 79' lang='lat' dir='ltr'>Gell.</span> <span class='ocrx_word' id='word_1_72' title='bbox 1009 1232 1038 1271; x_wconf 96' lang='lat' dir='ltr'>u.</span> <span class='ocrx_word' id='word_1_73' title='bbox 1064 1230 1091 1271; x_wconf 89' lang='lat' dir='ltr'>a.</span> <span class='ocrx_word' id='word_1_74' title='bbox 1116 1208 1235 1287; x_wconf 81' lang='lat' dir='ltr'>XVII,</span> <span class='ocrx_word' id='word_1_75' title='bbox 1259 1214 1315 1271; x_wconf 75' lang='lat'>22:</span> 
     </span>
     <span class='ocr_line' id='line_1_11' title="bbox 132 1306 1318 1394; baseline 0.001 -21"><span class='ocrx_word' id='word_1_76' title='bbox 132 1306 268 1392; x_wconf 82' lang='lat' dir='ltr'>Sophocles</span> <span class='ocrx_word' id='word_1_77' title='bbox 304 1332 346 1375; x_wconf 88' lang='lat' dir='ltr'>ac</span> <span class='ocrx_word' id='word_1_78' title='bbox 375 1308 491 1373; x_wconf 90' lang='lat' dir='ltr'>deinde</span> <span class='ocrx_word' id='word_1_79' title='bbox 525 1310 696 1392; x_wconf 78' lang='lat' dir='ltr'>Euripides</span> <span class='ocrx_word' id='word_1_80' title='bbox 727 1311 842 1393; x_wconf 80' lang='lat' dir='ltr'>tragici</span> <span class='ocrx_word' id='word_1_81' title='bbox 873 1320 989 1392; x_wconf 82' lang='lat' dir='ltr'>pue-tae</span> <span class='ocrx_word' id='word_1_82' title='bbox 1027 1322 1057 1375; x_wconf 93' lang='lat' dir='ltr'>et</span> <span class='ocrx_word' id='word_1_83' title='bbox 1100 1312 1318 1394; x_wconf 75' lang='lat' dir='ltr'>Hippocrates</span> 
     </span>
     <span class='ocr_line' id='line_1_12' title="bbox 104 1401 1318 1498; baseline 0.002 -23"><span class='ocrx_word' id='word_1_84' title='bbox 104 1401 232 1479; x_wconf 75' lang='lat' dir='ltr'>&#39;&#39;udeus</span> <span class='ocrx_word' id='word_1_85' title='bbox 268 1424 301 1477; x_wconf 92' lang='lat' dir='ltr'>et</span> <span class='ocrx_word' id='word_1_86' title='bbox 338 1412 552 1495; x_wconf 88' lang='lat' dir='ltr'>philosophus</span> <span class='ocrx_word' id='word_1_87' title='bbox 590 1413 826 1498; x_wconf 82' lang='lat' dir='ltr'>Democritus).</span> <span class='ocrx_word' id='word_1_88' title='bbox 873 1416 1005 1478; x_wconf 73' lang='lat' dir='ltr'>Sunuua</span> <span class='ocrx_word' id='word_1_89' title='bbox 1046 1414 1140 1477; x_wconf 86' lang='lat' dir='ltr'>huius</span> <span class='ocrx_word' id='word_1_90' title='bbox 1191 1416 1318 1497; x_wconf 84' lang='lat' dir='ltr'>generis</span> 
     </span>
     <span class='ocr_line' id='line_1_13' title="bbox 131 1514 1227 1600; baseline 0.004 -23"><span class='ocrx_word' id='word_1_91' title='bbox 131 1514 276 1583; x_wconf 75' lang='lat' dir='ltr'>absurditas</span> <span class='ocrx_word' id='word_1_92' title='bbox 300 1522 409 1580; x_wconf 85' lang='lat' dir='ltr'>exstat</span> <span class='ocrx_word' id='word_1_93' title='bbox 430 1515 465 1577; x_wconf 92' lang='lat' dir='ltr'>in</span> <span class='ocrx_word' id='word_1_94' title='bbox 489 1515 666 1599; x_wconf 87' lang='lat' dir='ltr'>Excerptis</span> <span class='ocrx_word' id='word_1_95' title='bbox 690 1517 832 1580; x_wconf 77' lang='lat' dir='ltr'>llarbari</span> <span class='ocrx_word' id='word_1_96' title='bbox 856 1517 905 1581; x_wconf 90' lang='lat' dir='ltr'>ed.</span> <span class='ocrx_word' id='word_1_97' title='bbox 929 1519 1076 1581; x_wconf 66' lang='lat' dir='ltr'>Helicone</span> <span class='ocrx_word' id='word_1_98' title='bbox 1099 1540 1130 1600; x_wconf 92' lang='lat' dir='ltr'>p.</span> <span class='ocrx_word' id='word_1_99' title='bbox 1155 1522 1227 1581; x_wconf 78' lang='grc'><strong>208.</strong></span> 
     </span>
    </p>

    <p class='ocr_par' dir='ltr' id='par_1_3' title="bbox 124 1618 1321 2421">
     <span class='ocr_line' id='line_1_14' title="bbox 184 1618 1318 1701; baseline -0.002 -16"><span class='ocrx_word' id='word_1_100' title='bbox 184 1618 329 1699; x_wconf 68' lang='lat' dir='ltr'>„Filosofi</span> <span class='ocrx_word' id='word_1_101' title='bbox 370 1626 479 1681; x_wconf 86' lang='lat' dir='ltr'>autem</span> <span class='ocrx_word' id='word_1_102' title='bbox 525 1620 814 1701; x_wconf 79' lang='lat' dir='ltr'>eogrnrseebantur</span> <span class='ocrx_word' id='word_1_103' title='bbox 859 1621 1059 1701; x_wconf 79' lang='lat' dir='ltr'>temporibus</span> <span class='ocrx_word' id='word_1_104' title='bbox 1104 1622 1318 1685; x_wconf 83' lang='lat' dir='ltr'>Artarxerxis</span> 
     </span>
     <span class='ocr_line' id='line_1_15' title="bbox 128 1716 1295 1806; baseline 0.002 -23"><span class='ocrx_word' id='word_1_105' title='bbox 128 1716 238 1788; x_wconf 83' lang='lat' dir='ltr'>boloclus</span> <span class='ocrx_word' id='word_1_106' title='bbox 277 1728 311 1787; x_wconf 92' lang='lat' dir='ltr'>et</span> <span class='ocrx_word' id='word_1_107' title='bbox 334 1720 500 1785; x_wconf 79' lang='lat' dir='ltr'>Traulitus</span> <span class='ocrx_word' id='word_1_108' title='bbox 523 1730 555 1785; x_wconf 87' lang='lat' dir='ltr'>et</span> <span class='ocrx_word' id='word_1_109' title='bbox 578 1722 796 1806; x_wconf 81' lang='lat' dir='ltr'>Anaxagoras</span> <span class='ocrx_word' id='word_1_110' title='bbox 820 1730 852 1787; x_wconf 88' lang='lat' dir='ltr'>et</span> <span class='ocrx_word' id='word_1_111' title='bbox 874 1723 1057 1787; x_wconf 87' lang='lat' dir='ltr'>Hirudotus</span> <span class='ocrx_word' id='word_1_112' title='bbox 1096 1728 1129 1787; x_wconf 94' lang='lat' dir='ltr'>et</span> <span class='ocrx_word' id='word_1_113' title='bbox 1144 1723 1295 1787; x_wconf 84' lang='lat' dir='ltr'>Melissus</span> 
     </span>
     <span class='ocr_line' id='line_1_16' title="bbox 127 1825 1289 1909; baseline -0.001 -20"><span class='ocrx_word' id='word_1_114' title='bbox 127 1825 329 1909; x_wconf 75' lang='lat' dir='ltr'>abrupidus</span> <span class='ocrx_word' id='word_1_115' title='bbox 353 1900 356 1907; x_wconf 30' lang='grc' dir='ltr'>Ι</span> <span class='ocrx_word' id='word_1_116' title='bbox 381 1832 478 1887; x_wconf 82' lang='lat' dir='ltr'>canto</span> <span class='ocrx_word' id='word_1_117' title='bbox 512 1826 698 1907; x_wconf 86' lang='lat' dir='ltr'>eorrpositor</span> <span class='ocrx_word' id='word_1_118' title='bbox 749 1833 780 1889; x_wconf 90' lang='lat' dir='ltr'>et</span> <span class='ocrx_word' id='word_1_119' title='bbox 815 1827 1018 1908; x_wconf 87' lang='lat' dir='ltr'>Protugorus</span> <span class='ocrx_word' id='word_1_120' title='bbox 1072 1832 1104 1889; x_wconf 88' lang='lat' dir='ltr'>et</span> <span class='ocrx_word' id='word_1_121' title='bbox 1134 1826 1289 1891; x_wconf 78' lang='lat' dir='ltr'>Socrator</span> 
     </span>
     <span class='ocr_line' id='line_1_17' title="bbox 126 1925 1321 2010; baseline 0.001 -19"><span class='ocrx_word' id='word_1_122' title='bbox 126 1925 178 1991; x_wconf 67' lang='lat' dir='ltr'>riui</span> <span class='ocrx_word' id='word_1_123' title='bbox 221 1936 253 1994; x_wconf 89' lang='lat' dir='ltr'>et</span> <span class='ocrx_word' id='word_1_124' title='bbox 281 1928 402 1993; x_wconf 85' lang='lat' dir='ltr'>Fideas</span> <span class='ocrx_word' id='word_1_125' title='bbox 433 1934 570 1993; x_wconf 90' lang='lat' dir='ltr'>statuas</span> <span class='ocrx_word' id='word_1_126' title='bbox 599 1930 786 2010; x_wconf 84' lang='lat' dir='ltr'>coupusitor</span> <span class='ocrx_word' id='word_1_127' title='bbox 837 1936 869 1993; x_wconf 91' lang='lat' dir='ltr'>et</span> <span class='ocrx_word' id='word_1_128' title='bbox 892 1930 1063 1993; x_wconf 79' lang='lat' dir='ltr'>&#39;lheetitus</span> <span class='ocrx_word' id='word_1_129' title='bbox 1118 1929 1236 1993; x_wconf 83' lang='lat' dir='ltr'>artilex</span> <span class='ocrx_word' id='word_1_130' title='bbox 1288 1936 1321 1993; x_wconf 88' lang='lat' dir='ltr'>et</span> 
     </span>
     <span class='ocr_line' id='line_1_18' title="bbox 126 2024 1319 2114; baseline 0.002 -23"><span class='ocrx_word' id='word_1_131' title='bbox 126 2024 289 2097; x_wconf 87' lang='lat' dir='ltr'>biuoeritus</span> <span class='ocrx_word' id='word_1_132' title='bbox 314 2094 318 2105; x_wconf 89' lang='grc'>,</span> <span class='ocrx_word' id='word_1_133' title='bbox 343 2030 523 2095; x_wconf 87' lang='lat' dir='ltr'>Abderitas</span> <span class='ocrx_word' id='word_1_134' title='bbox 576 2038 609 2094; x_wconf 91' lang='lat' dir='ltr'>et</span> <span class='ocrx_word' id='word_1_135' title='bbox 631 2031 818 2114; x_wconf 75' lang='lat' dir='ltr'>‚lppucratis</span> <span class='ocrx_word' id='word_1_136' title='bbox 866 2032 1008 2095; x_wconf 84' lang='lat' dir='ltr'>medicus</span> <span class='ocrx_word' id='word_1_137' title='bbox 1052 2038 1085 2095; x_wconf 91' lang='lat' dir='ltr'>et</span> <span class='ocrx_word' id='word_1_138' title='bbox 1107 2032 1319 2095; x_wconf 76' lang='lat' dir='ltr'>&#39;Phuoudidus</span> 
     </span>
     <span class='ocr_line' id='line_1_19' title="bbox 124 2130 1320 2221; baseline 0.003 -26"><span class='ocrx_word' id='word_1_139' title='bbox 124 2130 177 2197; x_wconf 75' lang='lat' dir='ltr'>ntor</span> <span class='ocrx_word' id='word_1_140' title='bbox 204 2142 234 2201; x_wconf 86' lang='lat' dir='ltr'>ot</span> <span class='ocrx_word' id='word_1_141' title='bbox 265 2134 485 2218; x_wconf 84' lang='lat' dir='ltr'>Empedoclus</span> <span class='ocrx_word' id='word_1_142' title='bbox 517 2142 548 2197; x_wconf 89' lang='lat' dir='ltr'>et</span> <span class='ocrx_word' id='word_1_143' title='bbox 582 2135 733 2221; x_wconf 55' lang='lat' dir='ltr'>tlnrjgias</span> <span class='ocrx_word' id='word_1_144' title='bbox 768 2144 800 2199; x_wconf 87' lang='lat' dir='ltr'>et</span> <span class='ocrx_word' id='word_1_145' title='bbox 835 2136 941 2199; x_wconf 87' lang='lat' dir='ltr'>Zinon</span> <span class='ocrx_word' id='word_1_146' title='bbox 974 2142 1007 2199; x_wconf 87' lang='lat' dir='ltr'>et</span> <span class='ocrx_word' id='word_1_147' title='bbox 1039 2134 1256 2199; x_wconf 83' lang='lat' dir='ltr'>Parnrenidus</span> <span class='ocrx_word' id='word_1_148' title='bbox 1288 2142 1320 2198; x_wconf 89' lang='lat' dir='ltr'>et</span> 
     </span>
     <span class='ocr_line' id='line_1_20' title="bbox 125 2232 1316 2321; baseline 0.003 -22"><span class='ocrx_word' id='word_1_149' title='bbox 125 2232 244 2303; x_wconf 79' lang='lat' dir='ltr'>bocmtus</span> <span class='ocrx_word' id='word_1_150' title='bbox 275 2238 449 2321; x_wconf 29' lang='lat' dir='ltr'>Atlrilueus</span> <span class='ocrx_word' id='word_1_151' title='bbox 483 2244 516 2301; x_wconf 90' lang='lat' dir='ltr'>et</span> <span class='ocrx_word' id='word_1_152' title='bbox 547 2238 696 2302; x_wconf 89' lang='lat' dir='ltr'>Periclus</span> <span class='ocrx_word' id='word_1_153' title='bbox 728 2244 760 2302; x_wconf 94' lang='lat' dir='ltr'>et</span> <span class='ocrx_word' id='word_1_154' title='bbox 792 2238 939 2320; x_wconf 81' lang='lat' dir='ltr'>Eupolus</span> <span class='ocrx_word' id='word_1_155' title='bbox 972 2244 1004 2301; x_wconf 92' lang='lat' dir='ltr'>et</span> <span class='ocrx_word' id='word_1_156' title='bbox 1036 2238 1280 2321; x_wconf 83' lang='lat' dir='ltr'>Aristophanus</span> <span class='ocrx_word' id='word_1_157' title='bbox 1314 2298 1316 2303; x_wconf 91' lang='lat'><em>.</em></span> 
     </span>
     <span class='ocr_line' id='line_1_21' title="bbox 124 2338 882 2421; baseline 0.001 -18"><span class='ocrx_word' id='word_1_158' title='bbox 124 2338 294 2407; x_wconf 75' lang='lat' dir='ltr'>architector.</span> <span class='ocrx_word' id='word_1_159' title='bbox 339 2340 386 2405; x_wconf 91' lang='lat' dir='ltr'>Hi</span> <span class='ocrx_word' id='word_1_160' title='bbox 409 2362 519 2404; x_wconf 86' lang='lat' dir='ltr'>omnes</span> <span class='ocrx_word' id='word_1_161' title='bbox 543 2343 822 2421; x_wconf 80' lang='lat' dir='ltr'>cognoscebantur</span> <span class='ocrx_word' id='word_1_162' title='bbox 855 2348 882 2404; x_wconf 81' lang='grc'>.“</span> 
     </span>
    </p>

    <p class='ocr_par' dir='ltr' id='par_1_4' title="bbox 125 2442 1320 2940">
     <span class='ocr_line' id='line_1_22' title="bbox 180 2442 1320 2525; baseline -0.005 -16"><span class='ocrx_word' id='word_1_163' title='bbox 180 2444 245 2509; x_wconf 88' lang='lat' dir='ltr'>Has</span> <span class='ocrx_word' id='word_1_164' title='bbox 272 2464 349 2509; x_wconf 86' lang='lat' dir='ltr'>vero</span> <span class='ocrx_word' id='word_1_165' title='bbox 379 2443 519 2525; x_wconf 87' lang='lat' dir='ltr'>ineptias</span> <span class='ocrx_word' id='word_1_166' title='bbox 550 2465 612 2507; x_wconf 90' lang='lat' dir='ltr'>nou</span> <span class='ocrx_word' id='word_1_167' title='bbox 646 2446 699 2507; x_wconf 92' lang='lat' dir='ltr'>uni</span> <span class='ocrx_word' id='word_1_168' title='bbox 724 2446 849 2508; x_wconf 77' lang='lat' dir='ltr'>rarrotori</span> <span class='ocrx_word' id='word_1_169' title='bbox 873 2444 1064 2507; x_wconf 85' lang='lat' dir='ltr'>trilmeudas</span> <span class='ocrx_word' id='word_1_170' title='bbox 1087 2466 1156 2506; x_wconf 88' lang='lat' dir='ltr'>esse</span> <span class='ocrx_word' id='word_1_171' title='bbox 1180 2442 1320 2505; x_wconf 82' lang='lat' dir='ltr'>ostendit</span> 
     </span>
     <span class='ocr_line' id='line_1_23' title="bbox 125 2544 1319 2629; baseline 0 -22"><span class='ocrx_word' id='word_1_172' title='bbox 125 2547 306 2621; x_wconf 79' lang='lat' dir='ltr'>praeberetis</span> <span class='ocrx_word' id='word_1_173' title='bbox 337 2568 386 2629; x_wconf 87' lang='lat' dir='ltr'>op.</span> <span class='ocrx_word' id='word_1_174' title='bbox 419 2550 458 2609; x_wconf 87' lang='lat'>10</span> <span class='ocrx_word' id='word_1_175' title='bbox 481 2547 633 2629; x_wconf 86' lang='lat' dir='ltr'>incriptin</span> <span class='ocrx_word' id='word_1_176' title='bbox 660 2548 822 2627; x_wconf 83' lang='lat' dir='ltr'>Heureni,</span> <span class='ocrx_word' id='word_1_177' title='bbox 855 2569 939 2629; x_wconf 88' lang='lat' dir='ltr'>quae</span> <span class='ocrx_word' id='word_1_178' title='bbox 969 2548 1024 2610; x_wconf 92' lang='lat' dir='ltr'>uni</span> <span class='ocrx_word' id='word_1_179' title='bbox 1055 2568 1139 2610; x_wconf 81' lang='lat' dir='ltr'>arum</span> <span class='ocrx_word' id='word_1_180' title='bbox 1169 2544 1319 2608; x_wconf 80' lang='lat' dir='ltr'>attribuit</span> 
     </span>
     <span class='ocr_line' id='line_1_24' title="bbox 125 2640 1319 2733; baseline 0 -23"><span class='ocrx_word' id='word_1_181' title='bbox 125 2640 257 2717; x_wconf 82' lang='lat' dir='ltr'>buoratem</span> <span class='ocrx_word' id='word_1_182' title='bbox 286 2648 516 2733; x_wconf 88' lang='lat' dir='ltr'>philosophum</span> <span class='ocrx_word' id='word_1_183' title='bbox 546 2656 578 2713; x_wconf 91' lang='lat' dir='ltr'>et</span> <span class='ocrx_word' id='word_1_184' title='bbox 599 2650 806 2714; x_wconf 83' lang='lat' dir='ltr'>Heraclitum</span> <span class='ocrx_word' id='word_1_185' title='bbox 829 2651 1009 2732; x_wconf 81' lang='lat' dir='ltr'>Ephesium</span> <span class='ocrx_word' id='word_1_186' title='bbox 1032 2656 1065 2713; x_wconf 87' lang='lat' dir='ltr'>et</span> <span class='ocrx_word' id='word_1_187' title='bbox 1088 2649 1319 2730; x_wconf 80' lang='lat' dir='ltr'>Anaxagoram</span> 
     </span>
     <span class='ocr_line' id='line_1_25' title="bbox 126 2752 1320 2835; baseline -0.003 -19"><span class='ocrx_word' id='word_1_188' title='bbox 126 2752 383 2819; x_wconf 77' lang='lat' dir='ltr'>aearmeuidem</span> <span class='ocrx_word' id='word_1_189' title='bbox 406 2762 438 2818; x_wconf 87' lang='lat' dir='ltr'>et</span> <span class='ocrx_word' id='word_1_190' title='bbox 460 2754 636 2817; x_wconf 76' lang='lat' dir='ltr'>Zenonem.</span> <span class='ocrx_word' id='word_1_191' title='bbox 676 2752 801 2834; x_wconf 76' lang='lat' dir='ltr'>Quodsi</span> <span class='ocrx_word' id='word_1_192' title='bbox 825 2755 949 2835; x_wconf 77' lang='lat' dir='ltr'>cogitas</span> <span class='ocrx_word' id='word_1_193' title='bbox 976 2754 1143 2835; x_wconf 82' lang='lat' dir='ltr'>Escerpta</span> <span class='ocrx_word' id='word_1_194' title='bbox 1165 2752 1219 2815; x_wconf 89' lang='lat' dir='ltr'>illa</span> <span class='ocrx_word' id='word_1_195' title='bbox 1245 2758 1320 2813; x_wconf 87' lang='lat' dir='ltr'>anto</span> 
     </span>
     <span class='ocr_line' id='line_1_26' title="bbox 126 2846 1320 2940; baseline -0.002 -21"><span class='ocrx_word' id='word_1_196' title='bbox 126 2846 227 2921; x_wconf 74' lang='lat' dir='ltr'>huetii</span> <span class='ocrx_word' id='word_1_197' title='bbox 247 2864 400 2937; x_wconf 75' lang='lat' dir='ltr'>aetatem,</span> <span class='ocrx_word' id='word_1_198' title='bbox 423 2857 525 2939; x_wconf 90' lang='lat' dir='ltr'>(quod</span> <span class='ocrx_word' id='word_1_199' title='bbox 549 2855 679 2937; x_wconf 90' lang='lat' dir='ltr'>quidem</span> <span class='ocrx_word' id='word_1_200' title='bbox 703 2856 765 2919; x_wconf 87' lang='lat' dir='ltr'>hoo</span> <span class='ocrx_word' id='word_1_201' title='bbox 780 2862 925 2937; x_wconf 86' lang='lat' dir='ltr'>temporo</span> <span class='ocrx_word' id='word_1_202' title='bbox 942 2858 1082 2940; x_wconf 82' lang='lat' dir='ltr'>constat)</span> <span class='ocrx_word' id='word_1_203' title='bbox 1107 2878 1144 2918; x_wconf 81' lang='lat' dir='ltr'>ex</span> <span class='ocrx_word' id='word_1_204' title='bbox 1162 2854 1320 2918; x_wconf 81' lang='lat' dir='ltr'>Atiieann</span> 
     </span>
    </p>

    <p class='ocr_par' dir='ltr' id='par_1_5' title="bbox 93 2946 1321 3040">
     <span class='ocr_line' id='line_1_27' title="bbox 93 2946 1321 3040; baseline -0.001 -21"><span class='ocrx_word' id='word_1_205' title='bbox 93 2954 96 2960; x_wconf 79' lang='grc'><strong>’</strong></span> <span class='ocrx_word' id='word_1_206' title='bbox 126 2946 221 3023; x_wconf 80' lang='lat' dir='ltr'>luxisse</span> <span class='ocrx_word' id='word_1_207' title='bbox 247 2966 280 3025; x_wconf 92' lang='lat' dir='ltr'>et</span> <span class='ocrx_word' id='word_1_208' title='bbox 309 2959 377 3023; x_wconf 83' lang='lat' dir='ltr'>tere</span> <span class='ocrx_word' id='word_1_209' title='bbox 404 2960 513 3023; x_wconf 89' lang='lat' dir='ltr'>omnia</span> <span class='ocrx_word' id='word_1_210' title='bbox 544 2960 624 3023; x_wconf 89' lang='lat' dir='ltr'>haec</span> <span class='ocrx_word' id='word_1_211' title='bbox 648 2959 779 3021; x_wconf 91' lang='lat' dir='ltr'>nomina</span> <span class='ocrx_word' id='word_1_212' title='bbox 800 2959 934 3023; x_wconf 80' lang='lat' dir='ltr'>Eusebii</span> <span class='ocrx_word' id='word_1_213' title='bbox 957 2981 988 3040; x_wconf 93' lang='lat' dir='ltr'>p.</span> <span class='ocrx_word' id='word_1_214' title='bbox 1015 2964 1075 3021; x_wconf 81' lang='lat' dir='ltr'>rus</span> <span class='ocrx_word' id='word_1_215' title='bbox 1100 2958 1149 3021; x_wconf 89' lang='lat' dir='ltr'>ed.</span> <span class='ocrx_word' id='word_1_216' title='bbox 1174 2958 1321 3022; x_wconf 83' lang='lat' dir='ltr'>Selroono</span> 
     </span>
    </p>

    <p class='ocr_par' dir='ltr' id='par_1_6' title="bbox 94 3052 1320 3247">
     <span class='ocr_line' id='line_1_28' title="bbox 94 3052 1320 3143; baseline -0.004 -18"><span class='ocrx_word' id='word_1_217' title='bbox 94 3098 98 3103; x_wconf 96' lang='lat'>·</span> <span class='ocrx_word' id='word_1_218' title='bbox 127 3052 227 3143; x_wconf 72' lang='lat' dir='ltr'>singulis</span> <span class='ocrx_word' id='word_1_219' title='bbox 259 3063 355 3127; x_wconf 90' lang='lat' dir='ltr'>annis</span> <span class='ocrx_word' id='word_1_220' title='bbox 389 3062 550 3126; x_wconf 91' lang='lat' dir='ltr'>attributa</span> <span class='ocrx_word' id='word_1_221' title='bbox 583 3063 721 3125; x_wconf 90' lang='lat' dir='ltr'>inveniri</span> <span class='ocrx_word' id='word_1_222' title='bbox 754 3083 819 3124; x_wconf 89' lang='lat' dir='ltr'>non</span> <span class='ocrx_word' id='word_1_223' title='bbox 863 3060 1027 3124; x_wconf 87' lang='lat' dir='ltr'>dubitabis</span> <span class='ocrx_word' id='word_1_224' title='bbox 1067 3062 1144 3141; x_wconf 88' lang='lat' dir='ltr'>quin</span> <span class='ocrx_word' id='word_1_225' title='bbox 1179 3060 1244 3123; x_wconf 89' lang='lat' dir='ltr'>iarn</span> <span class='ocrx_word' id='word_1_226' title='bbox 1278 3058 1320 3121; x_wconf 86' lang='lat' dir='ltr'>ab</span> 
     </span>
     <span class='ocr_line' id='line_1_29' title="bbox 127 3152 899 3247; baseline -0.001 -20"><span class='ocrx_word' id='word_1_227' title='bbox 127 3152 236 3231; x_wconf 74' lang='lat' dir='ltr'>latiore</span> <span class='ocrx_word' id='word_1_228' title='bbox 258 3166 336 3229; x_wconf 89' lang='lat' dir='ltr'>olim</span> <span class='ocrx_word' id='word_1_229' title='bbox 360 3165 488 3229; x_wconf 87' lang='lat' dir='ltr'>homino</span> <span class='ocrx_word' id='word_1_230' title='bbox 512 3165 745 3247; x_wconf 88' lang='lat' dir='ltr'>comprehensa</span> <span class='ocrx_word' id='word_1_231' title='bbox 767 3165 899 3228; x_wconf 85' lang='lat' dir='ltr'>fuerint.</span> 
     </span>
    </p>

    <p class='ocr_par' dir='ltr' id='par_1_7' title="bbox 90 3264 1321 3352">
     <span class='ocr_line' id='line_1_30' title="bbox 90 3264 1321 3352; baseline -0.007 -18"><span class='ocrx_word' id='word_1_232' title='bbox 90 3328 93 3334; x_wconf 90' lang='lat'>.</span> <span class='ocrx_word' id='word_1_233' title='bbox 183 3268 254 3333; x_wconf 79' lang='lat' dir='ltr'>Eas.</span> <span class='ocrx_word' id='word_1_234' title='bbox 287 3290 318 3352; x_wconf 85' lang='lat' dir='ltr'>p.</span> <span class='ocrx_word' id='word_1_235' title='bbox 354 3272 456 3331; x_wconf 74' lang='lat' dir='ltr'>toste</span> <span class='ocrx_word' id='word_1_236' title='bbox 491 3266 607 3331; x_wconf 69' lang='lat' dir='ltr'>Crates</span> <span class='ocrx_word' id='word_1_237' title='bbox 642 3267 795 3331; x_wconf 82' lang='lat' dir='ltr'>Telesilla</span> <span class='ocrx_word' id='word_1_238' title='bbox 829 3266 978 3330; x_wconf 80' lang='lat' dir='ltr'>Pru-xilla</span> <span class='ocrx_word' id='word_1_239' title='bbox 1012 3264 1202 3330; x_wconf 66' lang='lat' dir='ltr'>(tleolnrliua</span> <span class='ocrx_word' id='word_1_240' title='bbox 1242 3264 1321 3327; x_wconf 76' lang='lat' dir='ltr'>Bae.-</span> 
     </span>
    </p>

    <p class='ocr_par' dir='ltr' id='par_1_8' title="bbox 95 3358 244 3445">
     <span class='ocr_line' id='line_1_31' title="bbox 95 3358 244 3445; baseline 0.034 -14"><span class='ocrx_word' id='word_1_241' title='bbox 95 3396 98 3401; x_wconf 95' lang='lat'>·</span> <span class='ocrx_word' id='word_1_242' title='bbox 126 3358 244 3445; x_wconf 71' lang='lat' dir='ltr'>drudes.</span> 
     </span>
    </p>

    <p class='ocr_par' dir='ltr' id='par_1_9' title="bbox 121 3468 1325 4484">
     <span class='ocr_line' id='line_1_32' title="bbox 186 3468 1323 3557; baseline -0.009 -20"><span class='ocrx_word' id='word_1_243' title='bbox 186 3472 419 3557; x_wconf 80' lang='lat' dir='ltr'>Agnoscendus</span> <span class='ocrx_word' id='word_1_244' title='bbox 435 3474 574 3539; x_wconf 78' lang='lat' dir='ltr'>fortasse.</span> <span class='ocrx_word' id='word_1_245' title='bbox 590 3474 673 3537; x_wconf 88' lang='lat' dir='ltr'>tales</span> <span class='ocrx_word' id='word_1_246' title='bbox 690 3474 832 3536; x_wconf 88' lang='lat' dir='ltr'>rationes</span> <span class='ocrx_word' id='word_1_247' title='bbox 849 3473 946 3535; x_wconf 86' lang='lat' dir='ltr'>etiam</span> <span class='ocrx_word' id='word_1_248' title='bbox 963 3472 995 3533; x_wconf 92' lang='lat' dir='ltr'>in</span> <span class='ocrx_word' id='word_1_249' title='bbox 1008 3470 1145 3534; x_wconf 83' lang='lat' dir='ltr'>Diodori</span> <span class='ocrx_word' id='word_1_250' title='bbox 1163 3468 1323 3550; x_wconf 83' lang='lat' dir='ltr'>capitibus</span> 
     </span>
     <span class='ocr_line' id='line_1_33' title="bbox 126 3564 1323 3659; baseline -0.008 -19"><span class='ocrx_word' id='word_1_251' title='bbox 126 3564 156 3629; x_wconf 72' lang='lat' dir='ltr'>lb</span> <span class='ocrx_word' id='word_1_252' title='bbox 175 3576 284 3657; x_wconf 87' lang='lat' dir='ltr'>quibus</span> <span class='ocrx_word' id='word_1_253' title='bbox 314 3584 549 3641; x_wconf 84' lang='lat' dir='ltr'>coacervantur</span> <span class='ocrx_word' id='word_1_254' title='bbox 581 3583 697 3659; x_wconf 90' lang='lat' dir='ltr'>poetae</span> <span class='ocrx_word' id='word_1_255' title='bbox 720 3576 771 3639; x_wconf 84' lang='lat' dir='ltr'>rel</span> <span class='ocrx_word' id='word_1_256' title='bbox 795 3576 979 3657; x_wconf 78' lang='lat' dir='ltr'>scriptores,</span> <span class='ocrx_word' id='word_1_257' title='bbox 1007 3574 1096 3637; x_wconf 83' lang='lat' dir='ltr'>velut</span> <span class='ocrx_word' id='word_1_258' title='bbox 1124 3571 1323 3635; x_wconf 83' lang='lat' dir='ltr'>Philoxenus</span> 
     </span>
     <span class='ocr_line' id='line_1_34' title="bbox 125 3660 1323 3762; baseline 0 -25"><span class='ocrx_word' id='word_1_259' title='bbox 125 3660 284 3745; x_wconf 73' lang='lat' dir='ltr'>timotheus</span> <span class='ocrx_word' id='word_1_260' title='bbox 308 3678 456 3744; x_wconf 80' lang='lat' dir='ltr'>Telestes</span> <span class='ocrx_word' id='word_1_261' title='bbox 479 3679 637 3762; x_wconf 81' lang='lat' dir='ltr'>Polyidus</span> <span class='ocrx_word' id='word_1_262' title='bbox 661 3679 760 3758; x_wconf 81' lang='lat' dir='ltr'>er,</span> <span class='ocrx_word' id='word_1_263' title='bbox 786 3683 842 3749; x_wconf 70' lang='lat'>463</span> <span class='ocrx_word' id='word_1_264' title='bbox 867 3676 1082 3759; x_wconf 87' lang='lat' dir='ltr'>Demophilus</span> <span class='ocrx_word' id='word_1_265' title='bbox 1106 3674 1323 3739; x_wconf 79' lang='lat' dir='ltr'>Callisthenes</span> 
     </span>
     <span class='ocr_line' id='line_1_35' title="bbox 124 3764 1322 3863; baseline -0.003 -21"><span class='ocrx_word' id='word_1_266' title='bbox 124 3764 221 3857; x_wconf 74' lang='lat' dir='ltr'>bullus</span> <span class='ocrx_word' id='word_1_267' title='bbox 242 3781 344 3861; x_wconf 91' lang='lat' dir='ltr'>XVI,</span> <span class='ocrx_word' id='word_1_268' title='bbox 364 3786 404 3845; x_wconf 91' lang='lat'>14</span> <span class='ocrx_word' id='word_1_269' title='bbox 426 3804 531 3863; x_wconf 85' lang='lat' dir='ltr'>noque</span> <span class='ocrx_word' id='word_1_270' title='bbox 554 3783 659 3845; x_wconf 90' lang='lat' dir='ltr'>minus</span> <span class='ocrx_word' id='word_1_271' title='bbox 685 3780 873 3863; x_wconf 86' lang='lat' dir='ltr'>Agesipolis</span> <span class='ocrx_word' id='word_1_272' title='bbox 892 3781 1056 3862; x_wconf 87' lang='lat' dir='ltr'>Amyntas</span> <span class='ocrx_word' id='word_1_273' title='bbox 1078 3778 1174 3841; x_wconf 88' lang='lat' dir='ltr'>Iason</span> <span class='ocrx_word' id='word_1_274' title='bbox 1205 3778 1322 3840; x_wconf 92' lang='lat' dir='ltr'>mortui</span> 
     </span>
     <span class='ocr_line' id='line_1_36' title="bbox 124 3866 1324 3967; baseline -0.006 -18"><span class='ocrx_word' id='word_1_275' title='bbox 124 3866 180 3961; x_wconf 68' lang='lat' dir='ltr'>XV,</span> <span class='ocrx_word' id='word_1_276' title='bbox 199 3890 246 3949; x_wconf 80' lang='grc'>60.</span> <span class='ocrx_word' id='word_1_277' title='bbox 301 3885 563 3951; x_wconf 80' lang='lat' dir='ltr'>Consentaneum</span> <span class='ocrx_word' id='word_1_278' title='bbox 597 3892 646 3949; x_wconf 87' lang='lat' dir='ltr'>est</span> <span class='ocrx_word' id='word_1_279' title='bbox 677 3886 758 3948; x_wconf 86' lang='lat' dir='ltr'>tales</span> <span class='ocrx_word' id='word_1_280' title='bbox 789 3883 1049 3967; x_wconf 74' lang='lat' dir='ltr'>spaluonisuos</span> <span class='ocrx_word' id='word_1_281' title='bbox 1080 3881 1169 3944; x_wconf 84' lang='lat' dir='ltr'>lrarrd</span> <span class='ocrx_word' id='word_1_282' title='bbox 1201 3902 1275 3943; x_wconf 85' lang='lat' dir='ltr'>raro</span> <span class='ocrx_word' id='word_1_283' title='bbox 1305 3902 1324 3942; x_wconf 87' lang='lat' dir='ltr'>a.</span> 
     </span>
     <span class='ocr_line' id='line_1_37' title="bbox 122 3985 1324 4055; baseline -0.006 -4"><span class='ocrx_word' id='word_1_284' title='bbox 122 3988 326 4055; x_wconf 75' lang='lat' dir='ltr'>entsdoribus</span> <span class='ocrx_word' id='word_1_285' title='bbox 363 3988 492 4052; x_wconf 92' lang='lat' dir='ltr'>omnino</span> <span class='ocrx_word' id='word_1_286' title='bbox 530 3989 653 4053; x_wconf 90' lang='lat' dir='ltr'>deletos</span> <span class='ocrx_word' id='word_1_287' title='bbox 690 4010 759 4052; x_wconf 89' lang='lat' dir='ltr'>osse</span> <span class='ocrx_word' id='word_1_288' title='bbox 794 3989 858 4050; x_wconf 89' lang='lat' dir='ltr'>sive</span> <span class='ocrx_word' id='word_1_289' title='bbox 893 3991 1045 4049; x_wconf 88' lang='lat' dir='ltr'>mutatos.</span> <span class='ocrx_word' id='word_1_290' title='bbox 1103 3985 1212 4048; x_wconf 76' lang='lat' dir='ltr'>Etiam</span> <span class='ocrx_word' id='word_1_291' title='bbox 1248 3989 1324 4045; x_wconf 83' lang='lat' dir='ltr'>ante</span> 
     </span>
     <span class='ocr_line' id='line_1_38' title="bbox 123 4072 1324 4173; baseline -0.002 -22"><span class='ocrx_word' id='word_1_292' title='bbox 123 4072 392 4157; x_wconf 70' lang='lat' dir='ltr'>Maeandrinorum</span> <span class='ocrx_word' id='word_1_293' title='bbox 428 4096 575 4173; x_wconf 91' lang='lat' dir='ltr'>tempora</span> <span class='ocrx_word' id='word_1_294' title='bbox 613 4093 638 4155; x_wconf 89' lang='lat' dir='ltr'>si</span> <span class='ocrx_word' id='word_1_295' title='bbox 674 4093 750 4155; x_wconf 89' lang='lat' dir='ltr'>talia</span> <span class='ocrx_word' id='word_1_296' title='bbox 781 4091 963 4171; x_wconf 79' lang='lat' dir='ltr'>excogitata</span> <span class='ocrx_word' id='word_1_297' title='bbox 993 4096 1087 4152; x_wconf 88' lang='lat' dir='ltr'>orant</span> <span class='ocrx_word' id='word_1_298' title='bbox 1117 4088 1158 4151; x_wconf 90' lang='lat' dir='ltr'>ab</span> <span class='ocrx_word' id='word_1_299' title='bbox 1188 4088 1227 4149; x_wconf 91' lang='lat' dir='ltr'>iis</span> <span class='ocrx_word' id='word_1_300' title='bbox 1260 4086 1324 4149; x_wconf 86' lang='lat' dir='ltr'>sere</span> 
     </span>
     <span class='ocr_line' id='line_1_39' title="bbox 122 4190 1325 4277; baseline -0.002 -24"><span class='ocrx_word' id='word_1_301' title='bbox 122 4191 204 4257; x_wconf 74' lang='lat' dir='ltr'>turia</span> <span class='ocrx_word' id='word_1_302' title='bbox 234 4194 366 4259; x_wconf 88' lang='lat' dir='ltr'>sublata</span> <span class='ocrx_word' id='word_1_303' title='bbox 391 4202 476 4258; x_wconf 90' lang='lat' dir='ltr'>suut.</span> <span class='ocrx_word' id='word_1_304' title='bbox 529 4196 581 4258; x_wconf 91' lang='lat' dir='ltr'>lta</span> <span class='ocrx_word' id='word_1_305' title='bbox 610 4196 797 4277; x_wconf 88' lang='lat' dir='ltr'>saepissime</span> <span class='ocrx_word' id='word_1_306' title='bbox 827 4194 860 4256; x_wconf 86' lang='lat' dir='ltr'>in</span> <span class='ocrx_word' id='word_1_307' title='bbox 890 4191 1159 4273; x_wconf 79' lang='lat' dir='ltr'>eluunugraphiis</span> <span class='ocrx_word' id='word_1_308' title='bbox 1189 4190 1325 4269; x_wconf 85' lang='lat' dir='ltr'>vestigia</span> 
     </span>
     <span class='ocr_line' id='line_1_40' title="bbox 122 4293 1325 4383; baseline -0.007 -21"><span class='ocrx_word' id='word_1_309' title='bbox 122 4298 205 4361; x_wconf 73' lang='lat' dir='ltr'>torum</span> <span class='ocrx_word' id='word_1_310' title='bbox 231 4297 522 4383; x_wconf 86' lang='lat' dir='ltr'>deprelrornluutur</span> <span class='ocrx_word' id='word_1_311' title='bbox 552 4299 607 4381; x_wconf 79' lang='lat' dir='ltr'>qui</span> <span class='ocrx_word' id='word_1_312' title='bbox 639 4297 862 4371; x_wconf 84' lang='lat' dir='ltr'>traditionem,</span> <span class='ocrx_word' id='word_1_313' title='bbox 893 4318 990 4378; x_wconf 67' lang='lat' dir='ltr'>qutun</span> <span class='ocrx_word' id='word_1_314' title='bbox 1021 4295 1152 4376; x_wconf 87' lang='lat' dir='ltr'>quidem</span> <span class='ocrx_word' id='word_1_315' title='bbox 1182 4293 1325 4356; x_wconf 83' lang='lat' dir='ltr'>irneuiro</span> 
     </span>
     <span class='ocr_line' id='line_1_41' title="bbox 121 4395 1325 4484; baseline -0.005 -19"><span class='ocrx_word' id='word_1_316' title='bbox 121 4400 240 4483; x_wconf 74' lang='lat' dir='ltr'>rauna,</span> <span class='ocrx_word' id='word_1_317' title='bbox 274 4400 422 4465; x_wconf 86' lang='lat' dir='ltr'>artificiis</span> <span class='ocrx_word' id='word_1_318' title='bbox 456 4402 667 4484; x_wconf 88' lang='lat' dir='ltr'>pristinorum</span> <span class='ocrx_word' id='word_1_319' title='bbox 702 4398 943 4484; x_wconf 85' lang='lat' dir='ltr'>praetulerunt,</span> <span class='ocrx_word' id='word_1_320' title='bbox 979 4397 1027 4461; x_wconf 84' lang='lat' dir='ltr'>vel</span> <span class='ocrx_word' id='word_1_321' title='bbox 1061 4398 1191 4480; x_wconf 87' lang='lat' dir='ltr'>saepius</span> <span class='ocrx_word' id='word_1_322' title='bbox 1227 4395 1325 4459; x_wconf 88' lang='lat' dir='ltr'>etiam</span> 
     </span>
    </p>
   </div>
   <div class='ocr_carea' id='block_1_3' title="bbox 0 0 1456 4846">
    <p class='ocr_par' dir='ltr' id='par_1_10' title="bbox 0 0 1456 4846">
     <span class='ocr_line' id='line_1_42' title="bbox 0 0 1456 4846; baseline 0 0"><span class='ocrx_word' id='word_1_323' title='bbox 0 0 1456 4846; x_wconf 95' lang='lat' dir='ltr'> </span> 
     </span>
    </p>
   </div>
  </div>
 </body>
</html>
