2902 4846
655 182 693 243 13

569 271 772 280 u—-.—-—.

41 387 267 454 destinatum.
303 386 494 471 Thrasyllus
510 387 629 451 saeculi
641 385 808 451 Tiberiani
823 385 919 449 horno
935 382 1289 470 (cf.Mue11.FHG111

43 517 80 577 p.
107 495 193 576 503)
218 491 350 556 tabulae
373 491 605 555 Henzenianae
628 489 696 554 lere
719 489 865 572 aequalis
890 494 948 551 est.

142 595 293 679 Quartae
323 592 461 675 denique
489 594 631 677 epochae
661 593 727 656 dux
753 598 803 656 est
825 592 945 658 Sextus
967 591 1078 656 Julius
1100 590 1288 672 Africanus,

48 697 326 779 chronographus
354 704 391 760 ut
419 703 507 760 recte
537 697 584 760 ait
612 697 752 760 Malalas
783 694 885 779 (velut
913 717 945 778 p.
970 699 1009 758 72
1039 694 1088 758 ed.
1113 693 1288 778 Niebuhr.)

49 800 325 884 sapientissimus.
374 800 482 863 Huius
514 800 548 862 in
580 799 759 862 rationibus
791 799 931 861 maxima
959 820 999 861 ex
1029 802 1124 879 parte
1153 796 1289 860 Eusehii

9 932 13 947 =
50 903 319 985 chronographia
334 903 440 984 posita
456 908 515 966 est.
551 900 617 966 Sed
634 902 763 965 valebat
777 901 842 964 iam
860 906 936 964 ante
946 899 1141 963 Africanum
1156 905 1288 964 auctore

50 1006 188 1089 lustor)
217 1005 467 1069 christianorum
490 1004 632 1067 studium
655 1003 899 1067 demonstrandi
920 1003 1046 1066 Mosem
1072 1003 1288 1085 antiquiorem

54 1130 123 1173 esse
163 1107 396 1190 antiquissimis
428 1108 629 1171 Graecorum
664 1107 803 1188 regibus.
857 1106 992 1171 Eusebii
1020 1106 1120 1188 igitur
1149 1126 1288 1168 canones

14 1292 17 1299 Ι
54 1210 215 1275 claudunt
236 1231 354 1291 agmen
376 1208 696 1291 cluonographornm
720 1209 934 1287 Graecorum,
963 1211 989 1273 si
1012 1208 1143 1291 quidem
1166 1209 1287 1272 omittis

55 1313 123 1376 eius
147 1319 338 1391 sectatores,
367 1313 613 1394 Hieronymum,
637 1312 830 1395 Syncellum,
859 1318 1025 1376 auctorem
1047 1311 1201 1374 versionis
1224 1310 1288 1374 Ar·

55 1416 197 1494 meniae,
227 1414 345 1496 quibus
374 1422 483 1478 tamen
510 1437 590 1497 opus
618 1420 667 1478 est
696 1415 739 1478 ad
767 1416 853 1479 illius
881 1414 1173 1496 cluenographiam
1196 1414 1287 1477 resti-

12 1558 21 1595 3.
54 1517 222 1581 tuendam.
268 1517 452 1581 Boeckhius
479 1518 544 1581 iarn
567 1518 702 1582 Eusebii
731 1539 829 1600 opere
852 1540 928 1582 usus
953 1516 1066 1581 estad
1089 1515 1287 1599 supplendas

56 1619 191 1684 lacunas
215 1626 248 1684 et
272 1621 480 1702 exphcandas
502 1627 685 1703 temporum
707 1628 801 1685 notas
824 1621 994 1684 marmoris
1010 1620 1100 1683 Parii
1119 1640 1287 1701 nuperque

57 1723 176 1787 mirum
221 1729 407 1787 contextum
454 1723 579 1787 notavit
623 1724 728 1788 editor
772 1724 907 1787 Eusebii
944 1723 1101 1786 Alsredus
1138 1722 1285 1788 Schoene

22 1850 27 1855 ·
57 1826 359 1909 (untersuchungen
379 1826 479 1889 ueber
495 1827 555 1891 das
570 1826 664 1892 leben
688 1828 746 1891 der
764 1828 898 1910 Sappho
911 1826 1021 1909 Symb.
1035 1825 1113 1907 phil.
1129 1824 1236 1888 Bonn.
1250 1825 1287 1888 Il

56 1950 85 2010 p.
112 1927 224 2013 756⁹).
267 1928 391 2011 Quodsi
413 1931 612 1995 inveniemus
635 1931 744 1994 multis
767 1931 799 1994 in
821 1930 928 2009 rebus,
952 1950 992 1992 ne
1008 1928 1114 1991 dicam
1129 1928 1285 2009 plurimiS,

55 2031 127 2095 illas
151 2033 429 2114 chronographias
452 2056 516 2097 non
540 2035 711 2097 dissentire
722 2033 793 2096 ‘nisi
814 2033 847 2095 in
870 2031 1069 2114 temporibus
1087 2029 1287 2110 definiendis,

56 2155 162 2198 nonne
194 2135 380 2217 putabimus
409 2158 448 2199 ex
477 2160 540 2200 uno
569 2137 746 2217 eodemque
775 2135 864 2199 fonte
891 2158 956 2199 nou
985 2134 1089 2199 solum
1118 2133 1287 2197 marmoris

55 2238 146 2301 Parii
169 2246 203 2302 et
217 2238 353 2302 Eusebii
375 2237 480 2303 tontes
502 2240 632 2304 duxisse
654 2238 712 2302 sed
735 2239 832 2302 etiam
846 2237 1077 2301 bibliothecam
1092 2237 1231 2301 Diodori
1245 2274 1288 2283 -

56 2347 219 2423 quatenus
241 2363 375 2422 graecas
398 2364 449 2406 res
472 2348 595 2405 tractat
611 2381 652 2387 —
670 2349 702 2405 et
719 2340 885 2423 Thrasylli
899 2361 980 2423 opus
998 2347 1029 2405 et
1044 2340 1287 2421 inscriptionem

55 2443 329 2508 Hennenianarn‘?
372 2446 489 2528 Neque
511 2446 605 2509 valde
629 2445 818 2510 mirabimur
839 2450 1021 2526 temporum
1043 2443 1286 2526 discrepantias,

10 2624 14 2633 Ι
56 2566 129 2609 cum
159 2546 468 2630 consideraverimus
491 2550 604 2629 quales
628 2568 734 2627 casus,
762 2548 876 2629 quales
899 2547 1095 2610 mutationes
1118 2546 1287 2609 doctorum

55 2655 88 2712 et
114 2648 321 2714 indoctorum
351 2652 517 2715 hominnm
558 2651 664 2733 prima
691 2651 748 2714 illa
790 2651 1050 2733 chronographia
1079 2655 1214 2732 experta
1245 2649 1286 2712 sit

55 2775 115 2836 per
152 2774 210 2816 sex
246 2753 448 2817 saeculorum
483 2755 634 2837 spatium.
690 2752 756 2818 Sed
789 2756 927 2818 maxime
962 2752 1176 2834 vituperanda
1210 2752 1286 2815 mihi

56 2855 188 2919 ridetur
209 2857 294 2918 ratio
316 2878 435 2937 eorum,
459 2858 514 2938 qui
537 2858 658 2920 audent
682 2857 855 2920 chronicon
877 2856 979 2938 lapidi
1000 2856 1136 2918 incisum
1157 2861 1189 2918 et
1204 2855 1286 2918 anti·

57 2958 186 3041 quitate
220 2965 257 3021 ut
284 2958 331 3022 ita
359 2959 464 3022 dicam
493 2961 653 3023 sancitum
689 2960 849 3041 corrigere
878 2981 917 3022 ex
949 2958 1107 3040 computis
1142 2957 1285 3038 Eusehii,

56 3061 147 3124 cuins
175 3082 241 3124 uon
270 3061 374 3125 solum
401 3085 483 3145 opus
508 3084 567 3145 per
595 3063 701 3126 varios
724 3062 896 3144 scriptores
919 3061 1100 3143 dispersum
1124 3066 1286 3123 serratum

55 3172 119 3244 est,
149 3164 198 3227 ita
227 3165 340 3228 utrix
371 3167 499 3229 restitui
521 3167 639 3248 possit,
670 3165 727 3228 sed
750 3166 848 3227 etiam
870 3164 1074 3227 librariorum
1097 3163 1191 3244 culpa
1214 3184 1286 3244 gra·

54 3267 184 3331 tissime
213 3267 391 3331 laceratum
422 3273 454 3332 et
483 3268 711 3351 perturbatum
743 3274 801 3331 est.
853 3266 923 3331 Nos
954 3266 1100 3348 quidem,
1132 3266 1187 3330 ubi
1216 3265 1286 3329 fieri

53 3370 186 3452 poterit,
210 3391 294 3451 quae
319 3371 501 3434 Bocchhius
525 3371 705 3452 reliquique
726 3371 803 3433 vitia
823 3369 985 3453 putabant
1006 3391 1045 3432 ex
1068 3368 1285 3449 singularibus

54 3472 240 3537 rationibus
264 3480 337 3537 orta
353 3494 423 3536 esse
439 3473 731 3537 demonstrabimus
747 3480 846 3555 atque
859 3473 906 3535 ita
922 3471 1053 3536 crimine
1069 3472 1286 3553 negligentiae

57 3582 91 3641 et
114 3574 276 3639 stultitiae
298 3575 509 3640 liberabimus
531 3576 666 3640 Parium
689 3577 849 3640 homiuem
872 3584 940 3657 aut,
964 3576 1052 3660 quod
1072 3575 1192 3653 veriuS,
1217 3575 1285 3638 eius

140 3817 165 3885 ⁸)
183 3831 219 3869 ex
237 3815 379 3868 sententia
397 3814 589 3868 Gutschrnidii
607 3814 783 3868 Fleckeiseni
801 3832 864 3869 ann.
882 3812 922 3868 VI
941 3833 967 3883 p.
987 3816 1045 3870 708.

141 3902 166 3971 9)
187 3901 251 3957 wie
276 3903 440 3971 berechtigt
467 3902 529 3953 eine
557 3902 650 3954 solche
675 3933 702 3941 -
731 3903 888 3954 natuerlich
917 3902 970 3955 mit
992 3897 1119 3954 versicht
1142 3917 1176 3952 zu
1198 3897 1284 3954 hand·

53 3988 187 4044 habende
207 4020 240 4029 -
263 3988 616 4058 nebeneinanderstellung
635 3990 686 4041 der
703 3989 805 4041 beiden
824 3996 973 4056 groessten
992 3987 1285 4057 chronographischen

52 4082 130 4131 reste
153 4094 205 4130 aus
228 4076 292 4130 dem
316 4076 470 4129 ulterthum
495 4078 546 4138 ist,
571 4076 646 4128 lehrt
669 4077 719 4130 der
741 4077 886 4140 umstand,
912 4076 975 4127 dass
998 4078 1072 4127 trotz
1096 4074 1146 4128 der
1163 4075 1285 4128 beinahe

52 4162 134 4217 aechs
151 4162 364 4227 iahrhuuderte,
382 4163 488 4216 welche
506 4163 588 4215 beide
607 4163 792 4215 auseinander
806 4163 907 4230 liegen,
928 4161 986 4213 sich
1000 4161 1072 4213 doch
1084 4161 1284 4215 verschiedene

51 4249 369 4307 verwandtschaftliche
402 4250 523 4320 bezuege
553 4250 690 4303 zwischen
720 4250 823 4303 beiden
853 4249 1007 4302 chroniken
1037 4248 1148 4317 zeigen,
1178 4248 1284 4302 welche

54 4340 211 4397 iedenfalls
238 4339 327 4393 durch
352 4341 541 4409 gemeinsame
569 4340 730 4393 mittelbare
757 4341 825 4392 oder
852 4339 1056 4392 numittelbare
1084 4341 1195 4406 quellen
1222 4355 1284 4392 ver·

49 4430 165 4487 mittelt
183 4428 258 4483 sind
