2902 4846
702 180 744 241 44

623 269 825 278 —--—-——-—-.

113 405 188 447 suas
215 384 358 448 rationes
386 406 451 447 non
474 385 627 449 certiores
650 386 788 448 sublatis
811 385 1057 449 substituerunt.
1105 383 1213 466 Saepii

112 508 211 568 quarn
244 486 425 568 corrigendi
459 488 598 550 occurrit
630 496 834 570 posterorum
868 487 1012 550 studium
1045 487 1143 569 plane
1176 509 1212 550 ev

112 590 372 672 synclnonismos
395 610 511 670 resque
535 589 576 653 ab
599 589 663 652 illis
686 593 720 652 in
743 612 843 652 inrum
858 612 978 653 annum
995 595 1167 671 congestas
1183 591 1213 653 in

112 692 386 777 ‹listribirerrrli.⁴⁰)
424 692 733 756 Luculentissimum
755 693 850 756 huius
872 693 1007 756 rationis
1032 693 1213 775 exemplum

111 795 337 879 polyandrium
369 795 405 859 (l.
430 795 449 857 i.
474 818 503 859 a.
527 795 554 873 I,
579 797 653 875 433,
683 795 770 877 quod
793 817 865 858 cum
888 816 939 858 res
964 817 982 858 a
1006 795 1198 877 Thucydide

110 905 261 963 narratas
284 899 338 960 uni
361 920 445 962 anno
469 899 629 963 attribuat
652 898 817 962 Diodorus
845 897 911 976 XI,
939 901 1070 960 74--79
1094 900 1127 960 in
1149 905 1213 961 tres

112 1000 287 1065 distribuit.

197 1103 346 1167 Eandem
368 1102 527 1165 rationem
550 1104 635 1167 inter
656 1104 748 1167 Parii
770 1104 939 1167 marmoris
962 1102 1084 1167 fontem
1109 1111 1141 1167 et
1159 1104 1210 1166 Ειι

110 1207 313 1290 potissimum
350 1205 549 1268 intercedere
588 1212 682 1287 putu,
721 1206 808 1287 ‹puod
845 1206 946 1269 fusius
985 1228 1154 1288 exponam.

111 1309 347 1373 ostenderimus
368 1307 502 1370 Parium
531 1309 597 1371 sire
626 1330 698 1372 eum
728 1331 824 1391 quem
852 1309 905 1372 ille
933 1310 1081 1389 sequitur
1112 1316 1213 1372 aucto

111 1413 213 1494 egisse
243 1418 279 1474 ut
308 1419 402 1475 terna
426 1410 514 1474 lacta
536 1412 671 1492 singulis
695 1414 788 1477 annis
811 1411 1000 1494 adsignaret
1028 1433 1091 1475 non
1115 1412 1213 1474 solun]

109 1515 143 1577 in
165 1513 364 1577 contexendo
387 1513 536 1577 chronico
559 1515 719 1578 rationem
740 1514 936 1596 detegemus
962 1515 1018 1577 sed
1034 1515 1144 1594 etiam,
1169 1539 1211 1596 qu

111 1624 208 1681 antea
246 1616 419 1679 verisimile
456 1637 525 1679 esse
558 1617 700 1689 ostendi.
740 1617 875 1680 Parium
909 1622 1130 1698 excerptorem
1166 1639 1213 1681 ess

111 1718 229 1781 clarius
265 1718 447 1800 apparebit.
504 1720 616 1801 Atque
654 1721 794 1802 primum
831 1719 960 1801 quidem
994 1720 1213 1801 antiquiorem

111 1821 394 1903 chronographum
426 1828 535 1885 ternas
564 1843 615 1886 res
644 1823 777 1905 singulis
809 1824 901 1886 ruinis
929 1821 1082 1886 tribuisse
1113 1844 1151 1886 ox
1174 1824 1213 1886 M.

110 1925 180 2006 ipso
214 1925 363 2006 cognosci
397 1931 517 2006 potest,
554 1946 626 1989 cum
661 1932 818 2008 quattuor
852 1926 1004 1989 continuo
1040 1926 1152 1989 ordine
1187 1950 1213 2009 op

109 2027 228 2108 quippe
256 2049 337 2109 quas
366 2029 509 2110 integras
540 2050 579 2092 ex
608 2027 697 2092 fonte
726 2029 872 2092 hauserit
901 2038 1025 2108 auctor,
1056 2037 1166 2093 ternas
1189 2053 1213 2092 ιι

109 2131 245 2193 tineant.

194 2233 257 2315 ΕΙ).
280 2235 332 2295 49.
378 2232 551 2296 Simonidis
573 2234 623 2295 ari
647 2234 787 2311 victoria,
814 2234 907 2297 Darii
932 2255 1027 2296 mors.
1052 2230 1174 2295 Xerxis
1198 2234 1207 2295 i

196 2337 259 2417 ΕΙ).
288 2339 338 2398 50.
384 2333 538 2418 Aeschyli
565 2337 670 2416 prima
698 2336 845 2415 victoria,
877 2335 1045 2417 Euripidis
1073 2358 1176 2399 armus
1208 2359 1213 2397 ι

110 2438 288 2504 Stesichori
311 2437 470 2501 adventus
494 2439 527 2501 in
551 2438 733 2503 Graeciam.

196 2543 257 2624 Ep.
282 2545 332 2604 51.
378 2542 508 2604 Xerxes
530 2541 780 2624 Hellespontum
803 2542 908 2622 iungit
931 2540 1162 2621 Athonemqne
1186 2564 1213 2623 p«

109 2667 221 2727 pugna
244 2643 537 2725 Thermopylcnsis,
561 2643 751 2708 Salaminia.

196 2747 259 2828 ΕΙ).
282 2750 332 2809 52.
376 2746 494 2827 Pugna
514 2747 728 2825 Plataeensis,
752 2747 914 2809 Mardonii
938 2769 1033 2813 mors.
1058 2748 1141 2828 ignis
1158 2747 1213 2809 Ae*

196 2849 465 2932 Synchronismus
489 2871 538 2930 ep.
555 2854 595 2912 50
618 2851 659 2914 ab
677 2849 908 2913 Alexandrinis
932 2855 1060 2930 spretus
1084 2857 1133 2911 est
1155 2850 1213 2912 ine

109 2953 216 3016 locum
245 2952 422 3016 substituta
451 2951 575 3015 famosa
597 2953 653 3016 illa
677 2952 860 3016 coniunctio
883 2952 983 3014 trium
1006 2952 1206 3032 tragicorum

110 3055 290 3120 Salaminia
313 3053 459 3133 definita3
484 3076 533 3136 ep.
558 3061 597 3118 52
621 3055 680 3118 nisi
703 3061 800 3136 putas
825 3052 1050 3134 Thucydidem
1073 3055 1092 3116 l.
1119 3076 1144 3116 c.
1169 3077 1211 3116 nu

109 3158 291 3221 summatim
320 3157 600 3238 comprehendisse
630 3157 724 3220 facile
753 3157 849 3220 huius
877 3157 1044 3238 scriptoris
1074 3159 1213 3220 testimo]

110 3259 262 3322 tutariet
287 3259 454 3331 obliterari
479 3261 586 3341 potuit
601 3261 692 3324 Parii
714 3260 856 3323 auotoris
880 3258 968 3322 fides.
1007 3258 1213 3323 Inveniuntur

109 3383 206 3442 saepe
235 3383 286 3423 ros
311 3360 404 3424 binae
427 3364 459 3425 in
482 3385 581 3426 urnnn
603 3385 722 3426 annium
746 3366 933 3442 congestae,
965 3359 1019 3422 ubi
1042 3362 1142 3423 ceteri
1165 3384 1213 3425 scr

49 3516 51 3521 .
110 3464 319 3527 dissentiunt.
349 3486 414 3544 qua
444 3487 478 3527 re
504 3466 686 3529 ostenditur
714 3471 802 3528 certo
831 3462 971 3544 quodam
1001 3463 1134 3527 consilio
1167 3488 1213 3527 un

110 3588 164 3628 eas
186 3565 434 3647 comprehensas
458 3588 536 3630 esse.
574 3568 672 3630 Aliae
694 3588 800 3648 porro,
825 3573 857 3629 et
873 3566 936 3630 hac
951 3566 1080 3646 quidem
1096 3567 1129 3629 in
1145 3589 1180 3629 re
1197 3590 1213 3630 n

109 3669 204 3746 nitor,
242 3690 320 3749 prae
358 3690 391 3732 se
424 3668 532 3732 lerunt
565 3670 735 3751 pristinam
770 3669 1012 3732 cohaerentiam
1045 3691 1064 3731 a
1099 3676 1211 3750 poster

109 3770 265 3832 violenter
287 3771 459 3835 sublatam.
496 3773 606 3837 Unum
629 3773 727 3854 idque
748 3772 1038 3835 luculentissimum
1055 3773 1213 3852 exemplu}

108 3872 329 3936 dernenstrare
357 3896 526 3955 possumus
553 3882 619 3939 tres
650 3897 702 3938 res
729 3876 770 3938 ab
795 3875 887 3938 initio
911 3874 1013 3938 eidem
1037 3895 1101 3936 non
1124 3874 1213 3936 solun

109 3975 295 4054 sedetiam,
320 3978 406 4057 quod
429 3979 532 4060 magis
555 3978 597 4040 ad
614 3978 748 4041 Parium
773 3978 905 4060 eiusque
922 3977 1042 4039 fontem
1060 3976 1210 4057 pertinet,

109 4077 257 4141 archonti
280 4080 455 4143 attributas
479 4081 588 4159 fuisse.
614 4081 797 4144 continetur
819 4102 867 4163 ep.
892 4085 941 4142 38.
988 4079 1106 4141 Parius
1130 4080 1213 4161 (nerp

194 4330 231 4399 ⁴⁰)
248 4330 278 4384 Si
303 4348 413 4383 causam
440 4333 563 4398 quereris,
588 4333 695 4384 facturn
720 4350 781 4384 csso
807 4332 1039 4384 verisimillimum
1064 4335 1106 4382 est
1138 4347 1173 4382 ne
1196 4350 1213 4396 q

107 4423 176 4472 nota
194 4418 253 4472 sive
272 4417 418 4470 archontis
437 4418 549 4470 rronrine
569 4419 683 4471 ommno
703 4423 840 4471 carerent.
