2902 4846
758 184 798 245 58

167 385 339 468 profitetur
355 385 563 449 sententiam:
584 385 738 465 „Exarsit
753 388 814 450 hoc
829 385 960 462 bellum,
977 385 1067 448 cuius
1083 390 1196 448 auctor
1212 383 1275 447 fuit
1293 383 1393 448 Solon

168 488 245 572 (vid.
262 489 400 552 Aristot.
413 511 464 571 ap.
478 479 646 555 Plutjsol.
663 511 689 553 c.
709 493 762 573 11)
779 491 865 554 circa
881 489 922 552 61.
936 492 988 568 45,
1007 490 1022 550 1
1041 487 1199 568 siquidem
1212 487 1392 551 Alcmaeon

167 591 232 654 dux
248 591 414 672 copiarum
426 591 676 655 Atheniensium
690 593 781 655 initio
797 592 875 654 belli
889 591 960 670 fuit,
977 612 1040 653 non
1055 591 1102 653 ita
1114 589 1217 653 multo
1233 596 1309 672 post
1322 612 1393 654 cum

168 694 342 775 gentilibus
359 695 423 757 suis
438 695 470 757 in
488 695 616 758 exilium
631 696 742 776 pulsus
758 701 891 777 propter
904 693 1040 776 Cylonci
1052 693 1181 757 sceleris
1194 695 1393 774 memoriam,

168 818 237 860 cum
255 793 431 860 factionum
447 798 578 861 dissidia
595 799 737 880 graviter
753 799 918 881 agitarent
933 798 1080 861 Atticam
1097 796 1271 875 civitatem,
1296 818 1393 878 quam

167 906 338 981 postquam
369 900 409 963 61.
433 904 489 981 46,
516 907 531 963 1
563 901 772 982 Epimenides
801 900 952 964 lustravit
982 899 1080 964 Solon
1108 899 1148 962 61.
1173 902 1272 978 46,3
1306 899 1394 980 leges

168 1023 244 1066 suas
272 1003 378 1066 tulit.“
425 1002 549 1068 Statuit
579 1005 677 1087 igitur
699 1005 931 1068 Alcmaeonem
955 1011 1031 1066 ante
1057 1001 1178 1065 bellum
1200 1003 1394 1066 incolumem

167 1106 297 1170 vixdum
320 1109 399 1170 inito
422 1107 507 1172 bello
531 1109 699 1190 expulsum
722 1128 807 1185 esse,
831 1107 888 1170 sed
903 1127 1009 1170 nonne
1025 1104 1138 1169 ecdem
1153 1107 1222 1170 iure
1237 1126 1394 1187 ponemus

166 1209 231 1272 iam
268 1216 442 1292 antequam
481 1210 578 1276 Solon
617 1212 705 1293 leges
744 1209 874 1273 tulisset
912 1209 1063 1292 expulsos
1096 1229 1164 1272 6666
1197 1215 1229 1272 61
1260 1206 1395 1270 rediisse

167 1312 435 1393 Alcmaeonidas,
477 1315 667 1396 praesertim
703 1335 776 1376 curn
814 1312 924 1376 multis
961 1313 1039 1376 locis
1077 1312 1230 1375 tradatur
1268 1329 1394 1374 summo

91 1486 94 1490 ⁴
167 1415 309 1478 omnium
339 1417 480 1497 partium
511 1438 667 1481 consensu
697 1437 851 1496 magnum
881 1414 962 1478 illud
994 1437 1073 1497 opus
1104 1413 1285 1497 perfectum
1316 1434 1394 1477 esse.

168 1517 229 1580 Est
251 1517 395 1598 profecto
412 1519 621 1583 manifestum
637 1526 669 1582 et
685 1520 804 1582 eiectos
821 1525 854 1582 et
869 1519 1037 1582 restitutos
1054 1539 1123 1582 6666
1138 1517 1395 1581 Alcmaeonidas

167 1624 263 1700 prout
290 1625 347 1683 aut
370 1619 550 1703 Cylonidae
580 1629 636 1686 aut
664 1622 726 1703 ipsi
753 1621 970 1705 principatum
994 1627 1150 1685 tenerent.
1196 1621 1295 1684 Hane
1318 1640 1394 1684 vero

167 1721 255 1784 nullo
293 1728 438 1804 tempore
478 1712 630 1788 maiorem
664 1725 762 1787 fuisse
796 1723 983 1807 putabimus
1020 1745 1117 1806 quam
1151 1745 1214 1806 quc
1248 1728 1396 1806 tempore

167 1823 344 1889 Alcmaeon
374 1847 446 1890 cum
473 1828 695 1909 potentissimo
724 1827 779 1890 illo
801 1827 1042 1908 Megarensium
1070 1831 1208 1908 tyranno
1232 1825 1395 1890 affinitate

167 1928 355 1992 coniunctus
382 1930 424 1992 ad
454 1929 572 1994 bellum
603 1952 728 1994 sacrum
752 1951 901 2012 egressus
923 1936 981 2008 est,
1009 1935 1108 2012 atque
1131 1929 1184 1991 vix
1206 1934 1275 1992 tam
1300 1930 1396 1993 facile

167 2035 200 2092 61
220 2030 355 2111 imperio
379 2037 411 2094 et
432 2033 540 2114 patria
564 2033 622 2096 eici
643 2038 773 2114 poterat
796 2054 859 2115 quo
883 2038 1027 2114 tempore
1051 2052 1176 2094 summa
1198 2033 1397 2095 auctoritate

166 2153 242 2194 usus
272 2134 448 2197 exercitum
477 2134 637 2199 educebat
665 2133 707 2197 ad
738 2134 932 2198 servandum
959 2135 1115 2216 templum
1139 2134 1206 2198 eius
1229 2132 1281 2197 dei
1306 2135 1396 2197 cuius

167 2236 344 2298 auctoritas
374 2258 499 2300 summa
529 2237 616 2319 apud
645 2237 788 2302 Graecos
817 2237 888 2300 fuit.
939 2236 1159 2302 Statuendum
1188 2237 1288 2318 igitur
1317 2235 1396 2298 mihi

166 2337 294 2401 videtur
316 2338 547 2402 Alcmaeonem
573 2340 659 2405 bello
687 2339 866 2422 praefuisse
889 2340 954 2403 iam
978 2361 1017 2403 ex
1040 2340 1133 2403 exilio
1155 2360 1332 2403 reversum.
1354 2375 1397 2384 -

166 2440 294 2504 Deinde
317 2441 356 2504 de
379 2442 457 2506 belli
479 2444 678 2525 temporibus
702 2442 882 2505 dicendum.
925 2442 1005 2505 Mihi
1030 2442 1158 2525 quidem
1180 2441 1241 2504 toti
1264 2441 1351 2505 bello
1377 2462 1396 2503 a

168 2542 368 2607 Callisthene
395 2545 416 2608 l.
446 2567 471 2608 c.
503 2546 612 2610 decem
642 2546 718 2610 anni
747 2567 785 2608 ea
814 2546 1017 2628 potissimum
1045 2544 1084 2608 de
1115 2565 1213 2607 causa
1242 2542 1397 2606 attributi

166 2666 235 2708 esse
277 2646 427 2710 videntur
470 2655 507 2711 61
548 2671 699 2713 numerus
743 2668 900 2711 annorum
933 2652 1129 2730 aequaretur
1162 2645 1260 2710 tertio
1307 2645 1396 2727 quod

166 2748 287 2812 dicitur
318 2749 403 2814 bello
438 2771 541 2815 sacro.
591 2751 678 2815 Nam
708 2751 747 2814 de
774 2751 878 2832 primo
907 2750 963 2813 illo
993 2749 1077 2814 bello
1106 2749 1186 2813 certi
1214 2747 1396 2830 quidquam

165 2856 290 2914 veteres
324 2853 486 2934 cognitum
519 2854 671 2918 habuisse
705 2853 758 2916 vix
786 2852 1022 2930 contenderim,
1057 2857 1094 2915 ut
1121 2872 1160 2914 ne
1191 2851 1231 2914 de
1263 2849 1395 2915 Solonis

166 2952 296 3034 quidem
318 2955 414 3019 rebus
434 2961 563 3037 praeter
578 2977 737 3022 summum
753 2955 982 3036 magistratum
998 2955 1177 3037 quidquam
1193 2974 1248 3017 666
1263 2953 1395 3016 66161666

165 3063 254 3138 puto.
301 3057 366 3122 Sed
395 3065 433 3121 61
461 3058 581 3122 bellurn
614 3059 701 3122 unde
729 3057 1077 3140 initiumrPythiadum
1099 3055 1282 3121 ducebatur
1305 3063 1395 3118 certo

165 3166 310 3241 tempore
342 3161 538 3242 deligeretur
557 3161 753 3224 Aristoteles
782 3161 847 3224 sive
870 3161 939 3225 eius
963 3161 1112 3243 discipuli
1135 3160 1168 3223 in
1191 3159 1396 3242 Pythionicis

165 3262 198 3324 id
226 3263 366 3344 primum
394 3271 530 3346 egerunt
558 3270 594 3326 ut
621 3264 774 3346 temporis
805 3264 937 3346 aliquod
971 3265 1112 3347 spatium
1147 3263 1395 3327 constituerent.

165 3365 240 3428 Hoc
268 3365 363 3428 modo
385 3365 467 3429 illud
490 3365 681 3429 decennium
705 3367 820 3446 evasit,
851 3367 938 3449 quod
963 3367 1180 3433 Callisthenes
1203 3364 1395 3429 Aristotelis

165 3467 295 3530 auditor
316 3467 427 3531 tradit.
467 3467 532 3533 Sed
556 3468 726 3531 redeamus
748 3469 789 3532 ad
813 3471 935 3535 scholia
955 3470 1130 3534 Pindarica
1151 3475 1184 3532 61
1213 3466 1302 3549 quod
1327 3466 1396 3529 illic

165 3569 306 3633 traditur
339 3571 545 3634 intervallum
579 3593 634 3634 sex
668 3592 836 3635 annorum.
892 3572 1119 3655 Cogitantibus
1151 3569 1244 3634 nobis
1278 3569 1397 3651 quibus

164 3673 344 3737 rationibus
367 3674 605 3756 chronographi
628 3675 677 3737 usi
700 3676 765 3738 sint
785 3677 817 3738 in
835 3675 1024 3740 definiendis
1044 3675 1176 3739 incertis
1192 3671 1396 3754 temporibus

164 3773 225 3838 hoc
249 3797 378 3858 quoque
400 3777 471 3840 loco
491 3779 631 3841 occurrit
656 3778 827 3861 explicatio
849 3778 935 3841 111166
952 3777 993 3841 ad
1010 3777 1199 3842 Aristotelis
1216 3781 1396 3840 sectatores

164 3877 325 3940 referendi
371 3881 522 3962 computi.
590 3880 677 3944 Nam
721 3887 758 3944 ut
794 3881 933 3944 libenter
974 3881 1098 3944 scholia
1136 3877 1314 3943 Pindarica
1352 3879 1395 3943 ab

165 3980 345 4044 Aristotele
368 3983 509 4063 pendere
525 3983 669 4065 Bergkio
693 3982 843 4062 concedo,
867 3983 915 4047 ita
936 3984 1031 4066 longe
1055 3983 1215 4047 abhorreo
1237 3980 1279 4044 ab
1297 3980 1396 4044 huius

166 4089 197 4145 et
219 4083 447 4165 plerorumque
470 4085 611 4149 uirorum
636 4085 803 4149 doctorum
827 4087 988 4149 sententia
1011 4087 1065 4168 qui
1087 4104 1230 4149 marmor
1257 4083 1396 4148 Parium

165 4207 202 4248 ex
232 4185 413 4249 Aristotele
448 4187 628 4250 derivatum
663 4208 731 4251 esse
765 4188 966 4270 praedicant.
1025 4187 1302 4252 Demonstraham
1335 4209 1395 4251 suo

163 4287 233 4352 loco
263 4288 405 4352 nondum
433 4297 602 4371 expertum
631 4311 700 4354 6666
730 4312 872 4354 marmor
894 4291 1085 4355 Aristotelis
1116 4291 1181 4355 sive
1204 4290 1396 4355 Aristoteli·

165 4410 274 4453 eorum
291 4391 542 4470 emendationea,
567 4414 651 4474 quae
667 4399 704 4457 ut
720 4393 785 4457 sint
801 4414 896 4476 saepe
913 4393 1181 4476 elegantissimae,
1199 4393 1247 4457 ita
1263 4394 1396 4477 saepius
