2902 4846
607 267 610 271 .
629 176 782 271 ..}.⁷.„.-..

45 382 91 449 cf.
118 382 167 447 ad
191 382 276 447 hane
298 380 454 464 epocham
479 379 631 445 Strabon.
656 401 682 444 c.
708 384 779 460 383,
803 383 879 458 444;
905 378 1008 443 Thuc.
1031 377 1059 459 Ι,
1084 382 1118 457 3;
1147 376 1291 444 Pseudo·

47 486 203 570 apollod.
224 487 253 565 Ι,
279 491 306 565 7,
332 490 364 562 73
389 485 487 548 Paua.
512 484 579 563 ΙΙΙ,
605 489 655 562 20,
682 490 709 546 7.

144 591 209 672 Ep.
235 595 252 651 7
275 589 421 652 Marmor
447 592 560 650 narrat
585 586 746 651 Cadmum
769 585 933 665 Agenoris
962 585 1065 648 filium
1087 607 1104 648 e
1128 585 1290 649 Phoenice

49 693 194 758 Thebas
222 692 347 756 venisse
377 696 410 754 et
433 689 612 754 Cadmeam
642 689 832 753 condidisse.
879 687 955 752 Non
982 687 1083 752 refert
1110 689 1194 752 hanc
1223 710 1291 752 rem

50 795 239 873 Eusebium
269 794 326 858 sed
349 816 422 856 cum
445 815 476 874 p.
502 797 541 855 32
566 792 633 855 Hn.
657 798 769 855 narret
793 789 954 854 Cadmum
977 811 1049 853 cum
1072 791 1236 857 Phoenice
1258 794 1291 856 in

10 960 13 981 2
52 898 189 982 Syriam
217 897 376 979 migrasse
405 896 514 976 ibique
544 916 697 976 regnasse
728 903 760 958 et
791 893 907 957 deinde
937 916 968 975 p.
1000 898 1042 957 34
1071 894 1139 958 Hn.
1169 896 1291 959 Thebis

10 1028 13 1033 ·
54 1024 130 1065 eum
154 1021 319 1082 regnasse,
342 1000 395 1061 vix
418 998 598 1062 errabimus
615 997 641 1060 si
660 997 744 1060 hanc
760 997 917 1079 epocham
934 997 1088 1060 excidisse
1105 999 1288 1078 statuimus

10 1078 16 1183 f
54 1103 255 1187 praesertim
277 1091 349 1165 cum
371 1101 460 1183 apud
476 1100 660 1165 Diodorum
682 1100 749 1175 ΙΙΙ,
768 1103 809 1162 74
830 1099 942 1163 eodem
964 1099 1030 1163 fere
1054 1101 1150 1164 modo
1173 1122 1236 1182 quo
1258 1102 1292 1165 in

10 1210 19 1281 ,“
56 1207 160 1271 Paria
189 1204 306 1269 tabula
333 1208 494 1268 narretur.
547 1202 586 1266 cf.
616 1202 658 1266 ad
688 1203 772 1266 hanc
801 1203 958 1284 epocham
987 1202 1086 1266 Paua.
1110 1203 1177 1282 ΙΧ,
1202 1208 1230 1281 5,
1255 1209 1290 1283 23

56 1310 130 1389 III,
159 1314 210 1388 15,
233 1313 267 1388 8,
296 1308 351 1389 qui
372 1307 475 1370 fusius
498 1328 566 1388 rem
588 1312 719 1382 narrat;
751 1305 859 1370 Strah.
891 1327 916 1367 c.
942 1309 1014 1386 321,
1037 1310 1117 1386 4013
1148 1306 1291 1370 Androt.

10 1404 15 1475 Γ
56 1412 95 1479 fr.
121 1417 165 1476 28
188 1411 248 1495 (hl.
272 1411 293 1475 l.
316 1432 341 1474 c.
365 1411 383 1474 I
406 1432 437 1491 p.
456 1410 532 1492 373)
557 1408 596 1471 de
619 1407 789 1472 comitibus
814 1405 930 1471 Cadmi
952 1409 1146 1472 sententiam
1168 1409 1293 1492 profert

10 1576 12 1583 .
59 1514 319 1578 consentientem
340 1512 408 1576 fere
432 1532 505 1574 cum
527 1532 575 1591 ea,
600 1533 700 1594 quam
722 1510 765 1574 ad
789 1532 838 1592 ep.
864 1514 881 1571 5
905 1511 1134 1576 recensuimus.

100 1619 167 1699 Ep.
193 1620 222 1680 9.
267 1610 341 1700 Ἀφ’
377 1602 414 1677 οἷ·
448 1611 539 1700 vaih:
571 1611 653 1694 μετὰ
748 1613 844 1677 Diod.
857 1610 893 1693 V,
911 1618 962 1676 58.
996 1611 1081 1677 κατὰ
1103 1612 1138 1677 δὲ
1161 1609 1294 1691 τούτους

59 1721 196 1784 Δαναοῦ
234 1714 291 1781 καὶ
324 1719 390 1779 τῶν
424 1714 653 1802 ιτεντ]ή[κοντα
704 1714 780 1791 τοὺς
795 1711 925 1799 χρόνους
941 1711 1055 1801 ἔφαγεν
1071 1711 1292 1800 έξΑίμίιττοο

59 1818 253 1908 Δαναίδμον
287 1817 322 1898 ἐξ
354 1814 534 1903 Αἰγίνιτοο
580 1815 653 1906 [dig
677 1834 679 1853 ¹
705 1816 865 1904 (Δαναὸς)
898 1815 979 1899 μετὰ
1012 1821 1077 1902 τῶν
1106 1817 1293 1904 θυγατέρων

58 1922 115 2011 τὴν
143 1919 286 1989 Ἑλλάδα
319 1917 456 1986 έιτλεασε
488 1919 543 1985 καὶ
578 1916 652 1985 rivo·
677 1952 679 1969 ι
704 1919 934 1997 καταπλεύσας
967 1917 1002 1982 δὲ
1024 1923 1081 2006 τῆς
1102 1915 1227 1998 Ῥοδίας
1248 1918 1294 1999 είς

58 2025 177 2112 μάσθη
222 2022 475 2112 πεντηκόντορος
517 2022 572 2088 καί
618 2020 650 2087 oi
677 1980 680 2071 ί
705 2019 832 2087 Λίνδον
875 2022 931 2087 καὶ
976 2022 1186 2109 ιτροςδεχθεὶς
1224 2021 1292 2090 ὑπὸ

59 2131 198 2194 Λαναοῦ
230 2124 405 2212 θυγατέρες
436 2127 568 2210 (desunt
596 2149 652 2191 no·
677 2074 680 2153 Ι
704 2129 769 2188 τῶν
813 2122 996 2211 ἐπιχωρίων
1041 2120 1193 2211 ἱδρύσατο
1237 2132 1294 2216 τῆς

57 2234 149 2296 mina
161 2232 283 2316 pauca)
295 2226 402 2316 Ἑλίκι,Ι
413 2228 470 2293 καὶ
488 2224 652 2316 Ἀρχεδίκη
678 2252 680 2299 ÷
699 2223 842 2315 Ἀθηνᾶς
861 2224 943 2315 ἱερὸν
954 2227 1010 2293 καὶ
1033 2227 1070 2294 τὸ
1090 2225 1219 2315 ἄγαλμα
1236 2235 1293 2320 τῆς

57 2327 355 2420 ἀποκληρωθεῖσαι
371 2328 439 2399 ὑπὸ
451 2336 516 2395 τῶν
527 2333 654 2396 λοιπῶν
678 2366 680 2421 5
704 2334 784 2394 θεοῦ
827 2329 1023 2418 καθιέρωσε,
1069 2336 1134 2396 τῶν
1167 2332 1203 2397 δὲ
1235 2339 1294 2399 τοῦ

58 2431 144 2523 [ίρδν
179 2430 380 2523 ίδρύσ]αντ[ο
408 2431 562 2522 Ἀθηνᾶς]
597 2435 652 2499 καί
705 2438 839 2498 Δαναοῦ
871 2433 1058 2520 θυγατέρων
1101 2440 1186 2520 τρεῖς
1229 2434 1292 2501 ε’τε-

57 2535 186 2604 ἒθυσαν
209 2537 269 2603 ἐντὶ
292 2543 348 2626 τῆς
371 2533 469 2625 ἀκτῆς
491 2536 529 2620 ἐμ
549 2537 652 2622 ιιαροί-
678 2590 680 2617 ,
704 2534 858 2623 λεύτησαν
901 2537 987 2602 κατὰ
1026 2537 1083 2625 τὴν
1116 2536 1293 2626 ἐπιδημίαν

59 2640 166 2730 [ιτλιμ]
180 2640 221 2727 ¹⁸)
256 2639 291 2704 έν
302 2638 418 2727 Λίνδῳ
451 2644 507 2728 τῆς
529 2637 653 2717 Ῥοδίας
678 2640 680 2661 ³
704 2635 761 2724 τὴν
783 2636 816 2701 ἐν
838 2643 878 2726 τῇ
901 2638 1018 2727 Λίνδῳ
1040 2642 1109 2706 κτλ.
1195 2632 1200 2643 ’

58 2745 130 2809 κτλ.
678 2782 680 2833 l
748 2742 980 2826 Pseudoapoll.
1004 2745 1055 2824 ΙΙ,
1082 2749 1113 2824 1,
1136 2748 1166 2808 4.
1219 2743 1294 2822 τοὺς

678 2882 680 2951 3
705 2839 883 2929 Αἰγέστου
902 2846 1026 2922 παῖδας
1044 2846 1197 2924 δεδοικώς
1213 2843 1293 2912 διτο-

678 3004 680 3035 ,
704 2946 840 3035 θεμένης
858 2944 1000 3035 Ἀθηνᾶς
1018 2944 1107 3036 αὐτῷ
1125 2954 1202 3014 ναῦν
1219 2975 1293 3014 κατ-

677 3072 680 3161 l
704 3049 856 3115 εσκείασε
873 3050 1017 3139 [πρῶτος
1038 3050 1096 3139 τὴν
1118 3053 1294 3140 κληθεῖσαν

677 3164 680 3266 i
706 3147 853 3217 ἀπὸτοῦ
871 3149 1014 3240 ἀριθμοῦ
1032 3159 1097 3220 τῶν
1107 3154 1295 3242 θυγατέρων

677 3290 679 3337 ;
706 3253 970 3346 πεντηκόντορον]
983 3257 1294 3346 19)καίτὰςθοματέ-

678 3344 679 3365 *
705 3384 761 3444 ρας
784 3357 953 3442 ἐνθέμενος
975 3357 1099 3447 ἔφυγεν.
1134 3362 1293 3449 ιξ3ιτρος-

705 3458 792 3546 οίγων
815 3462 849 3527 δέ
873 3460 990 3549 Λίνδῳ
1012 3461 1050 3530 τὸ
1073 3468 1129 3550 τῆς
1152 3462 1295 3545 Λινδίας

701 3559 842 3653 Ἀθηνᾶς
865 3562 993 3651 ἄγαλμα
1017 3561 1178 3650 ἱδρύσατο.

59 3668 152 3733 locus
175 3668 312 3733 Eusebii
334 3691 365 3751 p.
390 3672 431 3731 30
454 3667 510 3730 Hi.
535 3673 584 3730 est
607 3667 725 3731 sterilis
749 3676 785 3732 ut
807 3672 934 3753 saepius
957 3669 1003 3750 fit,
1027 3669 1164 3734 Diodori
1187 3672 1294 3737 locum

60 3772 214 3855 apposui,
246 3771 303 3853 qui
331 3769 517 3834 ostenderet
544 3770 681 3833 lbntium
712 3771 961 3836 cohaerentiam.
1007 3773 1190 3837 Diodorum
1218 3796 1293 3838 vero

59 3872 102 3938 de
134 3879 238 3937 morte
266 3874 367 3937 trium
397 3871 585 3936 Danaidum
618 3879 650 3936 et
680 3874 816 3938 Parium
846 3876 1034 3957 scriptorem
1067 3876 1106 3938 de
1137 3875 1294 3939 sacrificio

58 3983 251 4041 narrantem
274 3976 437 4058 quomodo
460 3976 544 4038 iuter
567 3996 600 4038 se
624 3977 790 4040 conciliem
807 4000 872 4042 non
888 3978 1002 4058 habac,
1026 3977 1165 4042 fortasse
1181 3979 1295 4042 fabula

151 4232 187 4302 ¹⁸)
205 4233 245 4287 sic
275 4232 436 4286 Boeckhius
467 4232 568 4284 relicta
595 4232 718 4285 lectione
741 4250 812 4300 quae
837 4234 912 4301 apud
937 4233 1091 4286 Seldenum
1116 4238 1209 4286 exstat
1236 4251 1294 4286 non

58 4318 261 4389 probabiliter.

153 4405 189 4474 10)
206 4405 242 4459 cf.
260 4403 395 4459 Eustath.
413 4404 456 4457 ad.
475 4402 596 4458 Iliadem
614 4427 632 4457 α
650 4408 692 4457 42.
