2902 4846
786 360 789 469 j
858 359 1050 441 Thrasyllus
1083 359 1103 422 l.
1135 358 1208 445 effi)
1258 352 1333 426 ἀπὸ
1372 358 1401 427 δὲ

787 508 789 547 ,
814 464 871 549 τῆς
904 459 1076 538 Μωυσέως
1122 461 1325 549 στρατηγίας
1355 462 1404 530 καὶ

786 554 933 644 *respon
982 563 1039 628 ἐπὶ
1084 564 1141 630 τὸν
1182 564 1404 646 Δευκαλίωνος

786 670 788 745 l
813 666 1048 751 tereramunda,
1072 667 1129 754 τὴν
1153 666 1311 755 δευτέραν
1332 668 1405 755 λέγω

785 770 787 849 l
814 767 1005 857 ἐπομβρίαν,
1040 770 1096 835 καὶ
1131 769 1191 836 εἰνὶ
1218 772 1407 851 Φαέθοντος

784 854 787 956 l
811 871 1002 960 ἐμπρησμόν
1024 874 1092 938 κτλ.

268 995 420 1062 Occurrit
452 992 671 1074 discrepantia
699 993 738 1056 de
769 994 978 1057 Deucalionis
1013 995 1191 1074 domicili0,
1225 1017 1308 1058 nam
1341 1017 1409 1060 cum

176 1121 319 1164 marmor
356 1102 388 1162 et
421 1095 584 1160 Eusebius
619 1115 668 1176 ep.
703 1101 721 1158 2
759 1097 962 1160 consentiant
996 1096 1036 1159 de
1070 1097 1286 1186 Deucalionis
1325 1097 1410 1181 apud

177 1203 418 1267 Parnassenses
440 1198 577 1280 populos
600 1220 710 1280 regno,
734 1199 887 1263 hocloco
911 1199 999 1280 apud
1022 1200 1201 1263 Eusebium
1218 1199 1410 1265 Thessaliae

175 1306 296 1369 mentio
326 1303 372 1367 fit.
418 1302 692 1382 Depraraverunt
718 1302 802 1365 enim
825 1307 975 1364 auctores
999 1303 1066 1365 eius
1090 1303 1179 1385 quod
1204 1303 1299 1385 apud
1322 1303 1411 1369 Stra-

175 1408 292 1472 bonem
315 1428 341 1470 c.
359 1410 420 1469 383
437 1410 470 1467 et
485 1403 585 1466 Paus.
599 1403 645 1480 X,
664 1408 692 1482 6,
710 1409 729 1467 2
750 1412 837 1468 recte
852 1408 1022 1467 narratum
1039 1406 1218 1470 invenimus
1236 1405 1412 1471 Hellenem

176 1511 306 1574 demum
327 1509 360 1571 in
385 1506 556 1570 Thessalia
578 1526 741 1587 regnasse.

265 1610 358 1694 Quae
376 1609 499 1692 epocha
514 1611 534 1674 5
553 1607 593 1671 de
610 1608 857 1692 Arnphietyonis
872 1612 905 1676 in
923 1609 1150 1693 Thermopylis
1177 1632 1283 1693 regno
1308 1611 1412 1695 deque

176 1715 395 1798 appellatione
411 1712 689 1793 Amphictyonum
712 1723 1013 1793 eonnnemorantur,
1037 1713 1126 1796 apud
1142 1714 1331 1779 Eusebium
1345 1737 1409 1779 non

175 1817 393 1881 inveniuntur.
443 1815 568 1879 Tamen
599 1835 667 1877 rem
699 1816 741 1878 ab
773 1817 949 1880 Atthidum
984 1816 1195 1898 scriptoribus
1227 1822 1413 1883 tractatam

177 1941 246 1984 esse
270 1920 365 1983 docet
387 1919 477 1982 locus
500 1913 686 1980 Pausaniae
713 1919 759 1997 X,
784 1924 803 1980 8
826 1919 881 1982 ubi
905 1920 989 1983 duae
1012 1919 1193 1983 sententiae
1217 1919 1311 1984 unde
1333 1920 1413 1984 illud

176 2045 294 2087 nomen
330 2022 460 2085 fluxerit
494 2027 609 2084 contra
642 2027 823 2102 ponuntur:
859 2018 1144 2109 Καταστήσασθαι
1178 2019 1214 2084 δὲ
1245 2022 1413 2110 συνέδριον

176 2123 321 2188 ἐνταῦθα
348 2119 507 2210 Ἑλλήνων
530 2118 559 2185 οἱ
589 2120 647 2204 μὲν
664 2117 887 2209 Ἀμφικτυόνα
914 2123 971 2189 τὸν
994 2121 1218 2200 Δευκαλίωνος
1245 2123 1411 2208 νομίζουσι

176 2225 232 2291 καὶ
252 2221 325 2290 ἀπὸ
349 2224 463 2289 τούτου
486 2228 554 2301 τοῖς
576 2225 786 2290 συνελθοῦσιν
808 2222 1230 2314 ἕπίκλφνινἈμφικτυόνας
1245 2227 1412 2311 γενέσθαι.

71 2376 74 2381 ,
171 2324 363 2412 Ἀνδροτίων
388 2326 423 2392 δὲ
448 2326 481 2391 ἐν
496 2331 536 2414 τῇ
554 2323 685 2394 Ἀτθίδι
703 2325 766 2415 ἔφη
782 2335 948 2417 συγγραφῇ
966 2327 1010 2407 (ὃς
1032 2329 1069 2395 τὸ
1088 2328 1123 2410 ἐξ
1140 2324 1235 2417 ἀρχῆς
1252 2326 1413 2418 ἀφίκοντο

177 2430 210 2510 ἐς
243 2429 392 2518 Δελφοὺς
427 2428 519 2518 παρὰ
550 2434 615 2494 τιῦν
649 2431 909 2517 ιτροσοικοίντισν
943 2431 1178 2519 συνεδρεύοντες
1205 2431 1262 2497 καὶ
1298 2429 1412 2517 ὀνομα-

177 2539 298 2623 σθῆναι
321 2533 379 2617 μὲν
397 2530 631 2621 Ἀμφικτίονας
652 2533 726 2610 τοὺς
738 2533 962 2616 συνελθόντας,
988 2534 1153 2622 ἐκνικῆσαι
1179 2533 1214 2599 δὲ
1228 2531 1292 2600 ἀνὰ
1305 2535 1415 2622 χρόνον

176 2636 214 2703 τὸ
250 2642 305 2701 νῦν
338 2635 452 2724 σφίσιν
485 2633 596 2720 ὄνομα.
644 2636 799 2702 Videmus
827 2639 860 2701 in
884 2638 945 2702 hac
968 2661 1097 2722 quoque
1120 2661 1155 2703 re
1179 2639 1412 2721 simpliciorem

176 2741 210 2804 in
239 2747 448 2806 monumento
470 2741 570 2805 Pario
600 2740 847 2821 explicationem
875 2763 958 2821 esse,
996 2764 1095 2823 quam
1125 2743 1282 2824 praebuit
1314 2744 1412 2807 etiam

177 2843 419 2926 Theopompus,
443 2843 482 2907 cf.
505 2843 801 2925 Harpocrationem
824 2865 848 2907 a
865 2865 893 2905 v.
912 2839 1153 2930 Ἀμφικτυόνες.
1195 2844 1234 2908 cf.
1260 2846 1306 2909 ad
1329 2847 1413 2909 hanc

177 2947 334 3029 epocham
367 2946 565 3029 Harpocrat.
600 2967 624 3008 s
653 2967 681 3008 v.
715 2940 836 3025 Πύλαι,
866 2947 1002 3012 Suidam
1035 2948 1114 3011 ibid.
1145 2946 1255 3012 Strab.
1289 2970 1319 3012 c.
1347 2953 1409 3012 420

177 3056 210 3114 et
231 3053 305 3114 429.

219 3169 283 3252 Ep.
297 3173 326 3232 6.
356 3163 431 3255 Ἀφ’
456 3156 492 3232 οὗ
509 3165 625 3254 Ἕλλην
647 3162 664 3232 ὁ
688 3173 767 3233 Are·
863 3169 940 3232 Eus.
965 3192 996 3251 p.
1021 3174 1061 3232 28
1083 3168 1151 3233 Hb.

177 3268 348 3358 κ[αλι’ωνος
403 3265 607 3356 &adeldridae
661 3267 767 3353 ἐβασί-

179 3375 286 3438 λευσεν
330 3370 386 3436 καὶ
425 3371 572 3459 Ἕλληνες
617 3367 767 3460 [ὠν]ομά-
821 3367 890 3436 ἆιιὸ
904 3371 938 3435 δὲ
952 3372 1103 3461 Ἕλληνος
1115 3376 1173 3436 τοῦ
1185 3369 1413 3448 Δευκαλίωνος

177 3481 305 3564 σθησαν
327 3473 364 3540 τὸ
389 3473 544 3561 πρότερον
558 3475 689 3561 Γραικοὶ
711 3500 765 3541 κα·
813 3473 965 3564 (Έλληνες
999 3472 1027 3540 oi
1072 3474 1204 3560 Γραικοὶ
1236 3476 1413 3540 καλοῦνται

178 3577 323 3662 λούμενοι
862 3579 959 3643 Alex.
1004 3579 1165 3661 Polyhist.
1206 3578 1246 3643 fr.
1286 3577 1413 3665 3la.¹')

818 3675 932 3758 Ἑλλὰς
954 3677 973 3768 ἡ
996 3679 1083 3767 χώρα
1102 3679 1224 3769 ἐκλήθη
1247 3675 1320 3746 ἀπὸ
1340 3680 1415 3746 ‘'El-

818 3784 910 3871 ληνος
960 3779 1185 3860 Δευκαλίωνος
1240 3776 1276 3864 ὃς
1322 3784 1414 3850 δυνα-

818 3885 955 3962 στεύσας
998 3889 1055 3973 τῆς
1101 3883 1296 3962 Φθιώτιδος
1343 3885 1418 3967 τοὺς

818 3984 984 4076 ἐπηκόους
1007 3985 1112 4076 ἑαυτῷ
1135 3987 1325 4074 γενομένους
1347 3985 1417 4055 ἀντὶ
1447 4004 1450 4011 “

789 4118 792 4181 l
819 4096 965 4178 Γραικῶν
982 4091 1138 4181 Ἕλληνας
1161 4087 1303 4158 ἒκιίλεσε.

226 4226 231 4230 .
234 4224 375 4232 ,κῃ-κ

268 4325 492 4394 Ὂάμΰκ

267 4412 302 4483 ¹⁷)
321 4411 448 4478 Mueller,
467 4411 549 4466 FHG
567 4412 616 4465 ΙΙΙ
633 4431 660 4480 p.
679 4407 739 4463 231.
