2902 4846
754 168 795 230 62

248 372 293 435 M.
319 371 356 436 P.
713 370 835 436 Euseb.
1107 372 1260 455 Excerpt.
1286 372 1388 437 Barb.

162 498 190 539 5.
216 474 276 540 Oh.
301 498 331 538 n.
360 480 438 539 1581
712 473 841 557 155557)
1167 481 1248 539 1605
1260 475 1301 559 55)

666 575 886 657 1151555515

301 704 328 743 5.
356 686 437 744 1208
676 678 861 763 5118157)

569 783 750 847 Menesthei
773 803 877 845 annus
901 786 941 845 23
955 798 986 832 us

352 891 434 950 1207
743 889 824 948 1181

248 988 349 1051 Ρ5115
372 989 485 1053 tabula
508 991 549 1054 ah
565 989 708 1053 Eusebio
730 988 903 1051 distinetur
919 986 1102 1049 discrimine
1119 987 1241 1067 vigenti
1258 1008 1314 1049 sex
1333 1008 1389 1049 an-

162 1111 287 1154 norum.
326 1090 422 1173 Quod
437 1093 522 1156 idem
539 1092 710 1156 discrimen
725 1090 910 1154 Boeckhius
927 1089 1068 1152 ostendit
1083 1089 1190 1151 valere
1205 1089 1238 1150 in
1255 1089 1389 1170 regibus

161 1192 327 1256 adnotatis
343 1193 386 1257 ad
403 1216 474 1276 epp.
487 1195 562 1258 inde
579 1217 598 1258 5
613 1200 627 1257 l
640 1216 743 1276 usque
756 1194 798 1256 ad
811 1198 861 1256 24.
895 1190 1022 1254 Deinde
1036 1212 1108 1254 cum
1120 1190 1202 1255 illud
1215 1192 1389 1254 discrimen

161 1316 295 1358 numero
323 1298 495 1378 paullatim
525 1299 630 1360 minus
652 1298 722 1361 fieri
745 1297 934 1379 opinaretur
957 1301 993 1356 ut
1016 1293 1078 1356 hoc
1101 1315 1230 1374 quoque
1254 1295 1390 1356 calculis

161 1397 252 1460 Parii
293 1405 325 1460 et
365 1399 499 1463 Eusebii
533 1399 793 1463 accommodaret
832 1398 1016 1478 catalogum
1050 1418 1089 1460 51(
1121 1398 1219 1460 151115
1254 1396 1391 1461 Eusebii

161 1499 328 1562 codicibus
358 1502 408 1565 vel
436 1502 762 1584 interpretationibus
793 1503 931 1585 petitum
962 1499 1077 1578 effecit,
1111 1520 1206 1580 quem
1237 1500 1388 1580 equidem

160 1623 225 1664 non
262 1603 365 1683 probo
400 1624 473 1667 cum
507 1626 526 1667 a
558 1605 683 1667 1511555
711 1605 807 1686 51555
836 1605 977 1668 alienum
1005 1603 1083 1665 mihi
1114 1602 1263 1665 videatur
1298 1610 1389 1665 5515-

159 1704 270 1786 logum
308 1726 347 1769 ex
390 1706 535 1770 codicum
579 1714 611 1770 et
655 1708 870 1788 interpretum
915 1706 1063 1770 dissensu
1107 1706 1247 1786 petitum
1285 1704 1388 1767 Pario

161 1806 345 1871 obtrudere.
392 1807 602 1891 Quantopere
632 1809 823 1873 fluctuarint
854 1808 1033 1872 sententiae
1064 1807 1128 1869 illis
1160 1828 1216 1870 sex
1249 1809 1390 1871 saeculis

159 1911 245 1973 inter
267 1911 358 1974 Parii
386 1918 418 1975 51
441 1912 576 1975 Eusebii
607 1920 755 1994 tempora
777 1912 977 1994 interpositis
1009 1931 1202 1992 cognoscere
1230 1910 1305 1973 licet
1332 1911 1390 1973 ubi

161 2032 245 2092 quae
289 2012 375 2076 inter
411 2013 648 2096 Excerptorem
685 2013 869 2078 Barbarum
914 2020 946 2077 et
984 2013 1162 2076 Eusebium
1207 2013 1392 2076 intercedat

160 2114 380 2196 discrepantia
412 2116 539 2180 videris.
596 2119 773 2181 Praeterea
806 2138 959 2180 numerus
991 2116 1132 2197 epochae
1162 2114 1391 2197 Syracusanae

159 2217 192 2280 in
236 2239 300 2298 qua
333 2219 490 2300 imprimis
524 2219 691 2282 nitendum
727 2226 798 2283 5151
843 2240 915 2283 5551
949 2225 1056 2281 551155
1094 2218 1251 2300 Aeschyli
1283 2239 1390 2281 aimus

160 2319 294 2383 additus
316 2327 402 2383 essct
424 2321 548 2384 deletus
572 2328 635 2401 551,
672 2328 772 2403 atque
794 2321 957 2385 Medontis
981 2342 1084 2384 annus
1107 2322 1221 2405 tertius
1244 2319 1390 2383 decimus

52 2457 55 2462 ·
160 2442 208 2504 ep.
242 2427 281 2485 27
317 2423 430 2504 (etiam
459 2424 492 2486 111
523 2423 586 2486 hac
614 2425 738 2505 epocha
767 2446 920 2488 numerus
949 2422 1016 2486 fere
1046 2429 1134 2486 totus
1166 2423 1293 2487 deletus
1324 2425 1390 2506 551)

159 2525 238 2587 mihi
264 2525 396 2606 quidem
424 2526 502 2588 vitio
530 2525 684 2607 lapidarii
712 2525 902 2590 tribuendus
931 2525 1074 2605 videtur,
1104 2525 1190 2606 quod
1219 2526 1316 2588 etiam
1351 2548 1391 2589 51

158 2627 286 2689 55511115
309 2625 490 2704 Μένεοθως
519 2627 605 2707 quod
634 2650 693 2710 pro
725 2626 891 2705 llieddvrog
920 2629 1091 2712 insculpsit
1120 2628 1240 2691 collata
1271 2649 1320 2709 ep.
1348 2634 1389 2691 23

161 2728 300 2809 intelligi
323 2736 440 2810 potest.
486 2730 569 2793 Mihi
593 2730 725 2811 quidem
744 2733 808 2794 ista
831 2730 1015 2795 differentia
1038 2732 1136 2794 etiam
1158 2731 1255 2794 latius
1272 2737 1390 2811 patere

160 2830 297 2908 videtur,
321 2830 461 2895 fortasse
484 2855 586 2914 usque
609 2833 652 2895 ad
676 2832 826 2898 Creontis
852 2856 982 2898 annum.
1029 2834 1150 2896 Exstat
1179 2834 1264 2896 enim
1288 2834 1390 2896 etiam

157 2930 198 2996 (15
214 2932 365 3010 Creontis
382 2956 468 2998 anno
486 2935 707 3017 discrepantia
728 2935 815 3018 apud
833 2936 1024 3000 Africanum
1040 2935 1195 3020 (Syncell.
1212 2957 1243 3016 p.
1261 2939 1324 2998 212
1343 2935 1390 3018 Β)

156 3033 316 3120 Κρέοντος
349 3034 480 3120 πρώτου
509 3031 658 3119 ἄρχοντος
687 3034 883 3124 1155555115»
908 3036 966 3101 ἐπὶ
1000 3041 1056 3123 τῆς
1090 3036 1138 3100 aed'
1173 3031 1390 3117 ὀλυμπιάδος,

158 3131 189 3199 οἱ
224 3134 259 3200 δὲ
293 3136 353 3201 ἐπὶ
388 3136 443 3216 κε’,
480 3137 663 3203 differentia
687 3148 735 3204 est
766 3142 879 3222 viginti
910 3148 1065 3223 quattuor
1095 3161 1263 3219 annorum,
1287 3141 1340 3203 vel
1363 3142 1391 3203 si

157 3240 268 3318 mavis.
293 3261 365 3302 cum
389 3248 496 3303 certus
520 3242 712 3324 olympiadis
729 3265 833 3306 55555
849 3264 913 3305 555
929 3242 1059 3306 additus
1075 3243 1126 3322 sit,
1144 3242 1258 3324 viginti
1275 3241 1387 3326 sex.⁵⁹)

159 3340 255 3424 Quod
278 3362 351 3405 cum
375 3343 425 3405 vel
448 3343 481 3404 15
504 3343 660 3408 historica
684 3352 721 3408 ut
736 3347 782 3409 itu
799 3346 904 3409 dicam
920 3351 1027 3408 aetate
1043 3344 1199 3408 acciderit
1215 3344 1393 3427 desperan-

158 3442 236 3506 dum
267 3444 364 3524 plane
408 3445 487 3508 mihi
522 3446 650 3510 videtur
684 3448 723 3510 de
758 3470 870 3530 regum
904 3448 1103 3528 temporibus
1138 3453 1227 3511 certa
1259 3448 1391 3511 ratione

157 3546 356 3612 definiendis.
387 3536 429 3594 ἑ-
458 3549 562 3614 Aliud
596 3557 645 3614 551
678 3550 895 3615 differentiam
928 3551 1017 3614 illam
1052 3550 1225 3632 explicare.
1253 3586 1294 3594 —
1323 3548 1391 3614 Re-

158 3651 288 3731 putanti
315 3651 393 3713 mihi
424 3672 566 3732 quonam
596 3654 691 3717 modo
719 3654 845 3735 antiqui
875 3653 922 3716 illi
951 3653 1193 3735 clnonographi
1221 3651 1392 3735 catalogos

158 3749 323 3816 effecerint
352 3774 545 3834 persuasum
577 3761 627 3818 est
658 3776 712 3818 eos
743 3777 816 3819 cum
839 3776 970 3819 suorum
993 3778 1107 3838 regum
1130 3762 1279 3838 tempora
1302 3776 1391 3819 com-

158 3859 313 3934 putarent
342 3854 384 3917 ab
413 3856 459 3918 eis
488 3857 543 3937 qui
571 3878 649 3920 suae
681 3857 783 3920 aetati
811 3858 949 3938 proximi
973 3864 1080 3923 essent
1102 3880 1192 3922 orsos
1214 3858 1392 3940 paullatim

246 4039 414 4105 57)51.1155.
435 4042 478 4094 ad.
499 4059 603 4093 5115515
623 4044 658 4095 ab
678 4044 809 4096 11111451
832 4048 860 4094 et
879 4045 943 4108 8355
964 4048 993 4095 et
1013 4045 1078 4096 vide
1098 4045 1133 4096 A.
1153 4043 1188 4095 de
1203 4044 1391 4097 Gutschmisl:

159 4124 193 4177 de
220 4130 381 4190 temporum
409 4128 484 4179 notis
512 4128 612 4194 quihus
638 4128 776 4181 Eusebius
804 4129 895 4180 utitur
920 4130 950 4180 15
974 4129 1113 4182 chronicis
1140 4129 1296 4182 canonibus
1321 4147 1350 4198 p.
1375 4134 1391 4183 7

158 4209 229 4277 (ind.
249 4208 371 4262 Kiliens.
392 4213 458 4264 1868
477 4217 565 4280 aest).

246 4293 281 4362 b¹³)
300 4297 333 4348 51.
352 4295 534 4349 Brandisium
552 4299 569 4350 l.
590 4317 611 4352 5.

245 4380 281 4450 59)
299 4381 363 4434 vide
382 4383 411 4434 Ο.
431 4383 599 4436 llluellerum
618 4384 718 4453 fragm.
735 4385 1015 4456 chronographorum
1033 4405 1060 4454 p.
1082 4388 1130 4440 143
1150 4402 1191 4454 sq.
