2902 4846
682 186 722 245 57

88 383 152 451 σὺν
174 388 240 461 τοῖς
266 380 480 471 Ἀμφικτύοσι
515 383 589 462 τοῖς
612 382 785 470 Κιρραίους
807 381 1078 473 καταπολεμήσας
1101 381 1206 469 ὠμοῖς
1228 411 1318 464 τινας

86 482 185 564 ὄντας
216 485 270 551 καὶ
302 486 507 570 βιαζομένους
538 486 611 566 τοῖς
636 485 817 569 περιοίκους
840 486 898 552 ἐπὶ
922 484 1071 572 άρχοντος
1094 490 1237 575 Δελφοῖς
1258 487 1317 572 μὲν

88 599 120 656 Γ
115 587 210 655 υλῖδα
226 585 379 676 Ἀθήνῃσι
405 589 440 654 δὲ
457 588 611 673 Σίμωνος,
635 590 690 655 καὶ
715 590 846 677 νικήσας
869 587 964 655 ἔθετο
986 588 1180 678 χρημοτῖτην
1197 588 1314 676 ἀγῶνα.

84 691 224 779 χρήμασι
247 690 306 777 γὰρ
327 690 437 775 μόνοις
459 692 534 771 τοῖς
556 691 746 778 νικήσαντας
767 691 892 775 scipta,
918 688 1012 758 οῖπιο
1035 690 1195 781 στεφάνου
1213 690 1329 776 ὄντος,

85 792 143 859 καὶ
177 789 241 859 ἔτει
274 791 357 882 δ’κτιμ
390 794 471 877 μετὰ
504 796 561 884 τὴν
594 802 649 883 τῆς
671 795 793 882 Κίῤῥας
823 796 943 860 άλωοιν
966 793 1157 884 δινεκήρυξαν
1179 802 1225 885 τῷ
1248 801 1316 884 θεῷ

84 895 144 963 τὸν
174 895 367 985 στεφανίτην
401 896 460 964 ἐπὶ
485 898 651 985 ,Ιιοδιάρου
680 898 738 982 μὲν
768 894 918 985 ἄρχοντος
941 902 1084 987 Δελφοῖς
1101 897 1257 989 Ἀθήνησι
1280 899 1316 965 δὲ

84 997 290 1083 Δαμασῖδοι·.

173 1103 374 1186 Pythiadum
404 1104 532 1167 initium
562 1106 603 1168 ab
628 1105 669 1169 ol.
692 1111 743 1177 49,
768 1110 786 1168 3
816 1106 953 1170 Pindari
975 1107 1169 1189 interpretes
1191 1113 1315 1170 veteres

84 1207 217 1271 duxisse
241 1207 358 1271 docent
374 1207 509 1271 scholia:
534 1208 575 1271 ad
592 1209 681 1290 pyth.
698 1209 756 1272 ΠΙ
778 1205 863 1272 κατὰ
885 1206 942 1295 τὴν
965 1203 1201 1296 ἑβδομηκοστὴν
1224 1204 1317 1295 ἕκτην

83 1304 277 1390 ὀλυμπιάδα
298 1313 354 1396 τῆς
377 1305 523 1396 εἰκοστῆς
545 1304 659 1396 ὀγδόης
682 1309 848 1387 πυδιάδος
870 1315 910 1398 τῇ
934 1309 1127 1398 προκειμένῃ
1147 1309 1316 1396 συγχρόνοο

84 1407 193 1499 odone.

174 1515 216 1579 ad
238 1515 356 1598 olymp.
381 1515 456 1579 XII
480 1509 670 1597 ὀλυμπιάδα
697 1513 755 1597 μὲν
778 1512 919 1602 ε’νῖκιμεν
942 1513 985 1595 οζ’
1008 1514 1064 1581 καὶ
1087 1514 1144 1604 τὴν
1165 1510 1237 1602 ἑξῆς
1259 1513 1316 1580 κδ’

86 1615 253 1682 πυθιάδα.

173 1722 215 1784 ad
230 1722 327 1804 Pyth.
342 1721 393 1786 IV
415 1719 576 1807 νικήσαντι
601 1718 657 1805 τῂν
679 1719 870 1807 τριακοστὴν
894 1716 1024 1806 πραῖτιμ
1048 1718 1210 1800 πεδιάδα,
1235 1715 1316 1784 ε”νιοι

85 1821 124 1886 δὲ
162 1821 217 1887 καὶ
255 1822 313 1910 τὴν
346 1817 560 1910 δμδόιμοστῖμ
594 1817 783 1904 ὀλυμπιάδα
818 1817 885 1887 ἀλλ’
921 1818 978 1887 οιῖκ
1012 1819 1150 1905 ἔγραφεν
1183 1817 1229 1899 εῖς
1261 1820 1318 1909 τῖμ

84 1920 294 2013 ὀλυμπιακῖμ
328 1921 426 1990 uiros*
461 1923 549 2011 νίκνμ
572 1921 677 1989 καίτοι
702 1923 783 2007 μετὰ
806 1924 863 2012 τὴν
884 1923 1037 2011 Πυθικὴν
1059 1922 1224 2011 γενομένην
1247 1919 1316 1988 ἀλλ’

82 2023 133 2104 εἰς
156 2026 196 2093 τὰ
218 2027 335 2114 Πύθια
357 2023 463 2111 μόνον.

177 2132 337 2196 Eusebius
361 2132 500 2212 denique
528 2131 608 2194 haee
884 2196 890 2205 ,

88 2235 172 2298 uus.
195 2236 234 2298 ol.
259 2239 311 2312 49,
336 2240 354 2298 2
379 2257 407 2298 v.
431 2235 473 2298 A.
498 2237 550 2309 49,
576 2238 590 2294 1
615 2232 751 2296 Hieron.
775 2236 826 2310 48,
849 2236 870 2295 4
893 2231 1023 2313 Thales,

167 2386 182 2416 „
260 2341 355 2418 50‚4
416 2386 431 2413 ,,
500 2341 549 2414 50,
577 2342 589 2398 l
680 2384 694 2413 „
777 2338 829 2416 49,
850 2339 872 2399 4
894 2336 1033 2399 Isthmia
1063 2345 1096 2400 et
1122 2335 1242 2418 Pythia
1269 2336 1316 2398 in-

895 2443 1053 2518 staurata,

167 2590 181 2619 ,‚
262 2545 311 2618 51,
337 2545 355 2603 2
418 2589 432 2618 ,,
501 2544 596 2619 50‚4
681 2588 695 2616 „
779 2543 830 2619 50,
856 2545 874 2601 2
897 2546 1021 2622 septem
1044 2541 1216 2622 sapientes,

176 2643 270 2708 Haeo
289 2643 475 2707 testimonia
497 2664 568 2706 oum
587 2642 809 2706 examinarent
823 2643 883 2705 vim'
899 2643 986 2706 dooti
1001 2666 1064 2707 non
1081 2643 1159 2706 satis
1175 2642 1318 2706 animum

87 2745 268 2811 attendisse
291 2746 443 2809 videntur
464 2746 507 2809 ad
525 2745 606 2809 illud
622 2745 818 2824 sexennium,
841 2746 927 2826 quod
946 2747 1087 2828 spatium
1103 2752 1185 2810 teste
1202 2745 1316 2809 scholi-

87 2855 164 2915 asta
193 2850 279 2913 inter
312 2854 531 2930 expugnatam
562 2847 713 2912 Cirrham
748 2854 780 2910 et
805 2848 991 2911 inst'tutum
1024 2856 1187 2913 certamen
1228 2869 1317 2911 eoro-

89 2953 220 3016 narium
242 2952 446 3015 interiectum
470 2951 566 3033 plane
590 2950 745 3013 abhorret
767 2950 808 3013 ab
831 2950 869 3012 iis
894 2971 978 3032 quae
994 2951 1179 3015 Pausanias
1195 2970 1317 3032 quaeve

89 3077 232 3119 marmor
253 3054 400 3134 Parium,
424 3055 489 3117 sive
506 3053 663 3116 Boeohhii
684 3053 749 3116 sive
766 3051 943 3116 (lhandleri
958 3053 1126 3117 lectionem
1143 3053 1316 3134 sequimur,

87 3157 197 3222 refert.
251 3157 430 3221 Praeterea
461 3156 647 3220 Boeokhius
678 3156 711 3218 in
743 3157 973 3221 commentario
1005 3156 1048 3220 ad
1081 3155 1208 3239 Olymp.
1241 3155 1317 3219 XII

59 3240 269 3346 ‘(explioatt.
293 3260 420 3342 pindar.
451 3281 481 3340 p.
507 3263 567 3320 205
597 3259 683 3342 sqq.)
717 3259 795 3322 mihi
829 3260 960 3343 quidem
996 3282 1128 3343 prorsus
1157 3259 1317 3342 persuasit

90 3362 307 3445 quadriennio
330 3362 419 3444 prius
442 3361 612 3443 pythiades
635 3362 760 3426 initium
784 3384 910 3445 capere,
934 3384 1039 3445 neque
1054 3362 1224 3426 imminuta
1239 3361 1318 3424 mihi

88 3465 243 3529 videntur
271 3464 351 3528 haee
381 3470 574 3546 argumenta
602 3465 640 3526 iis
670 3486 753 3546 quae
776 3466 940 3548 Bergkius
962 3472 1047 3549 poet.
1071 3464 1129 3547 lyr.
1154 3464 1196 3528 14
1221 3485 1251 3545 p.
1279 3468 1316 3527 13

89 3567 215 3653 profert
236 3567 315 3649 ipsis
338 3566 534 3631 carminibus
558 3567 661 3630 nixus.

179 3670 288 3756 Quam
318 3670 568 3754 discrepantiam
597 3677 634 3735 ut
663 3671 712 3734 vel
740 3671 893 3734 tollamus
921 3671 972 3734 vel
1002 3669 1195 3751 explicemus
1219 3668 1318 3731 etiam

90 3777 275 3841 accuratius
304 3775 451 3840 debello
474 3774 529 3837 illo
552 3795 643 3838 sacro
666 3774 798 3854 eiusque
823 3772 1024 3854 temporibus
1048 3769 1222 3833 videndum
1245 3771 1316 3834 erit.

91 3880 202 3945 Unum
226 3884 333 3941 exstat
350 3877 558 3941 Callisthenis
581 3876 800 3939 testimonium
825 3875 912 3957 apud
928 3874 1136 3938 Athenaeum
1161 3872 1260 3952 5ssob,
1283 3894 1314 3937 o:

89 3977 159 4047 Καὶ
177 3975 386 4063 δΚρισοιικὸς
409 3976 444 4041 δὲ
468 3974 609 4057 πόλεμος
627 3971 863 4060 ὀνομαζόμενος,
889 3976 933 4054 ὥς
949 3998 1028 4064 φησι
1041 3973 1266 4061 Καλλισθένης
1284 3972 1318 4039 ἒν

89 4086 136 4170 τῷ
160 4080 236 4167 περὶ
259 4085 316 4146 τοῦ
340 4077 423 4165 ῖεροῖ
447 4078 600 4162 πολέμου,
624 4079 678 4146 ὅτε
696 4085 843 4167 Κιρραῖοι
865 4078 949 4165 πρὸς
964 4082 1091 4155 Φωκεῖς
1102 4075 1315 4162 ἐπολέμησαν,

91 4183 243 4272 δεκαετὴς
265 4174 312 4272 ἦν.
349 4186 424 4249 Ηοο
445 4206 509 4248 uno
532 4186 716 4250 testimonio
739 4186 801 4250 nisi
826 4185 885 4248 viri
901 4184 988 4248 docti
1004 4183 1133 4246 initium
1149 4188 1181 4244 et
1197 4183 1317 4245 exitum

92 4289 170 4354 belli
194 4288 328 4352 definire
349 4286 457 4350 eonati
480 4294 569 4368 sunt,
594 4289 648 4352 alii
670 4291 717 4353 ita
739 4294 775 4352 nt
798 4288 986 4352 sexennium
1008 4285 1179 4364 adderent,
1202 4284 1258 4348 alii
1280 4290 1318 4348 ut

92 4393 300 4459 deducerent.
345 4388 521 4471 Bergkius‚
546 4392 737 4457 novissimus
760 4392 854 4467 huius
877 4389 1074 4475 quaestionis
1095 4388 1209 4463 iudex,
1233 4386 1318 4455 hano
1407 4376 1409 4381 ⁴
